{"ts":1783947425.250205,"kind":{"Window":{"market":{"slug":"btc-updown-15m-1783946700","condition_id":"0x853b95f72b2dc80d533616fcfdb677012de4771b4b27e637e8494475fe46c21b","token_yes":"42002722231283064949990025250377131906324856843888551358189787777901391200968","token_no":"81070311957363419031383618887132362635505135777473622130673169806759619170848","end_date_iso":"2026-07-13T13:00:00Z","end_ts":1783947600.0},"open_price":62614.01,"open_ts":1783946700.0,"annual_vol":0.35}}}
{"ts":1783947425.972517,"kind":{"Ev":{"FeedInfo":"binance ws connected"}}}
{"ts":1783947425.972517,"kind":{"Ev":{"BinanceTrade":{"px":62596.69,"sz":0.0001,"is_buyer_maker":false,"ts":1783947425.636}}}}
{"ts":1783947425.972517,"kind":{"Ev":{"BinanceTrade":{"px":62596.68,"sz":0.00009,"is_buyer_maker":true,"ts":1783947425.73}}}}
{"ts":1783947425.972517,"kind":{"Ev":{"FeedInfo":"rtds connected"}}}
{"ts":1783947425.972517,"kind":{"Ev":{"FeedInfo":"clob market ws connected"}}}
{"ts":1783947425.972517,"kind":{"Ev":{"BinanceBook":{"bids":[[62596.68,0.85056],[62596.67,0.00079],[62596.66,0.00016],[62596.01,0.00018],[62596.0,0.024],[62595.9,0.00009],[62595.82,0.00009],[62595.24,0.00024],[62595.2,0.00008],[62595.17,0.00008],[62595.08,0.00008],[62595.01,0.00032],[62594.57,0.00009],[62594.01,0.00018],[62594.0,0.024],[62593.76,0.00032],[62592.76,0.00009],[62592.01,0.00274],[62592.0,0.02408],[62591.79,0.00028]],"asks":[[62596.69,5.56146],[62596.7,0.10583],[62596.71,0.00016],[62596.8,0.00008],[62597.97,0.011],[62597.98,0.00018],[62597.99,0.60079],[62598.0,0.00041],[62598.01,0.10638],[62598.02,0.00008],[62598.08,0.0001],[62598.4,0.00008],[62598.41,0.004],[62598.95,0.00009],[62598.96,0.00008],[62599.02,0.00008],[62599.04,0.01269],[62599.05,1.91781],[62599.52,0.00817],[62599.53,0.00008]],"ts":1783947425.971309}}}}
{"ts":1783947426.071006,"kind":{"Ev":{"BinanceBook":{"bids":[[62596.68,1.07547],[62596.67,0.00079],[62596.66,0.00016],[62596.01,0.00018],[62596.0,0.024],[62595.9,0.00009],[62595.82,0.00009],[62595.35,0.00024],[62595.2,0.00008],[62595.17,0.00008],[62595.08,0.00008],[62595.01,0.00032],[62594.57,0.00009],[62594.01,0.00018],[62594.0,0.024],[62593.76,0.00032],[62592.76,0.00009],[62592.01,0.00274],[62592.0,0.02408],[62591.79,0.00028]],"asks":[[62596.69,5.56155],[62596.7,0.10592],[62596.71,0.00016],[62596.8,0.00008],[62597.97,0.01118],[62597.98,0.00018],[62597.99,0.60079],[62598.0,0.00041],[62598.01,0.10638],[62598.02,0.00008],[62598.08,0.0001],[62598.4,0.00008],[62598.41,0.004],[62598.95,0.00009],[62598.96,0.00008],[62599.02,0.00008],[62599.04,0.01287],[62599.05,1.91781],[62599.52,0.00817],[62599.53,0.00008]],"ts":1783947426.070945}}}}
{"ts":1783947426.105093,"kind":{"Ev":{"BinanceTrade":{"px":62596.68,"sz":0.00009,"is_buyer_maker":true,"ts":1783947426.147}}}}
{"ts":1783947426.142685,"kind":{"Ev":{"Book":{"token":"42002722231283064949990025250377131906324856843888551358189787777901391200968","top":{"bid":0.27,"bid_sz":69.58,"ask":0.28,"ask_sz":260.2}}}}}
{"ts":1783947426.142685,"kind":{"Ev":{"Book":{"token":"81070311957363419031383618887132362635505135777473622130673169806759619170848","top":{"bid":0.72,"bid_sz":260.2,"ask":0.73,"ask_sz":69.58}}}}}
{"ts":1783947426.17092,"kind":{"Ev":{"BinanceBook":{"bids":[[62596.68,1.07594],[62596.67,0.00079],[62596.66,0.00016],[62596.01,0.00018],[62596.0,0.024],[62595.9,0.00009],[62595.82,0.00009],[62595.35,0.00024],[62595.2,0.00008],[62595.17,0.00008],[62595.08,0.00008],[62595.01,0.00032],[62594.57,0.00009],[62594.01,0.00018],[62594.0,0.024],[62593.76,0.00032],[62592.76,0.00009],[62592.01,0.00274],[62592.0,0.02408],[62591.79,0.00028]],"asks":[[62596.69,5.56155],[62596.7,0.10592],[62596.71,0.00016],[62596.8,0.00008],[62597.97,0.01118],[62597.98,0.00018],[62597.99,0.60079],[62598.0,0.00041],[62598.01,0.10638],[62598.02,0.00008],[62598.08,0.0001],[62598.4,0.00008],[62598.41,0.004],[62598.95,0.00009],[62598.96,0.00008],[62599.02,0.00008],[62599.04,0.01287],[62599.05,1.91781],[62599.52,0.00817],[62599.53,0.00008]],"ts":1783947426.170895}}}}
{"ts":1783947426.19411,"kind":{"Ev":{"BinanceTrade":{"px":62596.68,"sz":0.00012,"is_buyer_maker":true,"ts":1783947426.235}}}}
{"ts":1783947426.274066,"kind":{"Ev":{"BinanceBook":{"bids":[[62596.68,1.07535],[62596.67,0.00079],[62596.66,0.00016],[62596.01,0.00018],[62596.0,0.024],[62595.9,0.00009],[62595.82,0.00009],[62595.35,0.00024],[62595.2,0.00008],[62595.17,0.00008],[62595.08,0.00008],[62595.01,0.00032],[62594.57,0.00009],[62594.01,0.00018],[62594.0,0.024],[62593.76,0.00032],[62592.76,0.00009],[62592.01,0.00274],[62592.0,0.02408],[62591.79,0.00028]],"asks":[[62596.69,5.56155],[62596.7,0.10592],[62596.71,0.00016],[62596.8,0.00008],[62597.97,0.01118],[62597.98,0.00018],[62597.99,0.60079],[62598.0,0.00041],[62598.01,0.10638],[62598.02,0.00008],[62598.08,0.0001],[62598.4,0.00008],[62598.41,0.004],[62598.95,0.00009],[62598.96,0.00008],[62599.02,0.00008],[62599.04,0.01287],[62599.05,1.91781],[62599.52,0.00817],[62599.53,0.00008]],"ts":1783947426.273763}}}}
{"ts":1783947426.370869,"kind":{"Ev":{"BinanceBook":{"bids":[[62596.68,1.07535],[62596.67,0.00079],[62596.66,0.00016],[62596.01,0.00018],[62596.0,0.024],[62595.9,0.00009],[62595.82,0.00009],[62595.35,0.00024],[62595.2,0.00008],[62595.17,0.00008],[62595.08,0.00008],[62595.01,0.00032],[62594.57,0.00009],[62594.01,0.00018],[62594.0,0.024],[62593.76,0.00032],[62592.76,0.00009],[62592.01,0.00274],[62592.0,0.02408],[62591.79,0.00028]],"asks":[[62596.69,5.56155],[62596.7,0.10592],[62596.71,0.00016],[62596.8,0.00008],[62597.97,0.01118],[62597.98,0.00018],[62597.99,0.60079],[62598.0,0.00041],[62598.01,0.10638],[62598.02,0.00008],[62598.08,0.0001],[62598.4,0.00008],[62598.41,0.004],[62598.95,0.00009],[62598.96,0.00008],[62599.02,0.00008],[62599.04,0.01287],[62599.05,1.91781],[62599.52,0.00817],[62599.53,0.00008]],"ts":1783947426.370804}}}}
{"ts":1783947426.441032,"kind":{"Ev":{"BinanceTrade":{"px":62596.68,"sz":0.0001,"is_buyer_maker":true,"ts":1783947426.483}}}}
{"ts":1783947426.466337,"kind":{"Ev":{"BinanceTrade":{"px":62596.68,"sz":0.00009,"is_buyer_maker":true,"ts":1783947426.509}}}}
{"ts":1783947426.471444,"kind":{"Ev":{"BinanceBook":{"bids":[[62596.68,1.07723],[62596.67,0.00079],[62596.66,0.00016],[62596.01,0.00018],[62596.0,0.024],[62595.9,0.00009],[62595.82,0.00009],[62595.35,0.00024],[62595.2,0.00008],[62595.17,0.00008],[62595.08,0.00008],[62595.01,0.00032],[62594.57,0.00009],[62594.01,0.00018],[62594.0,0.024],[62593.76,0.00032],[62592.76,0.00009],[62592.01,0.00274],[62592.0,0.02408],[62591.79,0.00028]],"asks":[[62596.69,5.56155],[62596.7,0.10592],[62596.71,0.00016],[62596.8,0.00008],[62597.97,0.00018],[62597.98,0.00018],[62597.99,0.60079],[62598.0,0.00041],[62598.01,0.10638],[62598.02,0.00008],[62598.08,0.0001],[62598.4,0.00008],[62598.41,0.004],[62598.95,0.00009],[62598.96,0.00008],[62599.02,0.00008],[62599.04,0.01287],[62599.05,1.91781],[62599.52,0.00817],[62599.53,0.00008]],"ts":1783947426.471385}}}}
{"ts":1783947426.570843,"kind":{"Ev":{"BinanceBook":{"bids":[[62596.68,0.92249],[62596.67,0.00079],[62596.66,0.00016],[62596.01,0.00018],[62596.0,0.024],[62595.9,0.00009],[62595.82,0.00009],[62595.25,0.00024],[62595.2,0.00008],[62595.17,0.00008],[62595.08,0.00008],[62595.01,0.00032],[62594.57,0.00009],[62594.01,0.00018],[62594.0,0.024],[62593.76,0.00032],[62592.76,0.00009],[62592.01,0.00274],[62592.0,0.02408],[62591.79,0.00028]],"asks":[[62596.69,5.86153],[62596.7,0.10592],[62596.71,0.00016],[62596.8,0.00008],[62597.98,0.00018],[62597.99,0.60079],[62598.0,0.00041],[62598.01,0.10638],[62598.02,0.00008],[62598.08,0.0001],[62598.4,0.00008],[62598.41,0.004],[62598.95,0.00009],[62598.96,0.00008],[62599.02,0.00008],[62599.04,0.01287],[62599.05,1.91781],[62599.52,0.00817],[62599.53,0.00008],[62599.95,0.00008]],"ts":1783947426.570751}}}}
{"ts":1783947426.61387,"kind":{"Ev":{"Book":{"token":"42002722231283064949990025250377131906324856843888551358189787777901391200968","top":{"bid":0.27,"bid_sz":314.58,"ask":0.28,"ask_sz":34.2}}}}}
{"ts":1783947426.61387,"kind":{"Ev":{"Book":{"token":"81070311957363419031383618887132362635505135777473622130673169806759619170848","top":{"bid":0.72,"bid_sz":34.2,"ask":0.73,"ask_sz":314.58}}}}}
{"ts":1783947426.626062,"kind":{"Ev":{"Book":{"token":"42002722231283064949990025250377131906324856843888551358189787777901391200968","top":{"bid":0.27,"bid_sz":314.58,"ask":0.28,"ask_sz":28.2}}}}}
{"ts":1783947426.627915,"kind":{"Ev":{"Book":{"token":"81070311957363419031383618887132362635505135777473622130673169806759619170848","top":{"bid":0.72,"bid_sz":28.2,"ask":0.73,"ask_sz":314.58}}}}}
{"ts":1783947426.671156,"kind":{"Ev":{"BinanceBook":{"bids":[[62596.68,0.29665],[62596.67,0.00079],[62596.66,0.00016],[62596.01,0.00018],[62596.0,0.024],[62595.9,0.00009],[62595.82,0.00009],[62595.2,0.00008],[62595.17,0.00008],[62595.08,0.00008],[62595.01,0.00032],[62594.87,0.00024],[62594.57,0.00009],[62594.01,0.00018],[62594.0,0.024],[62593.76,0.00032],[62592.76,0.00009],[62592.01,0.00274],[62592.0,0.02408],[62591.79,0.00028]],"asks":[[62596.69,5.86099],[62596.7,0.10547],[62596.71,0.00016],[62596.8,0.00008],[62597.98,0.00018],[62597.99,0.60079],[62598.0,0.00041],[62598.01,0.10638],[62598.02,0.00008],[62598.08,0.0001],[62598.4,0.00008],[62598.41,0.004],[62598.95,0.00009],[62598.96,0.00008],[62599.02,0.00008],[62599.04,0.01269],[62599.05,1.91781],[62599.52,0.00817],[62599.53,0.00008],[62599.95,0.00008]],"ts":1783947426.67105}}}}
{"ts":1783947426.73598,"kind":{"Ev":{"BinanceTrade":{"px":62596.69,"sz":0.00009,"is_buyer_maker":false,"ts":1783947426.779}}}}
{"ts":1783947426.771566,"kind":{"Ev":{"BinanceBook":{"bids":[[62596.68,0.98598],[62596.67,0.00079],[62596.66,0.00016],[62596.01,0.00018],[62596.0,0.024],[62595.9,0.00009],[62595.82,0.00009],[62595.28,0.00024],[62595.2,0.00008],[62595.17,0.00008],[62595.08,0.00008],[62595.01,0.00032],[62594.57,0.00009],[62594.01,0.00018],[62594.0,0.024],[62593.76,0.00032],[62592.76,0.00009],[62592.01,0.00274],[62592.0,0.02408],[62591.79,0.00028]],"asks":[[62596.69,5.86144],[62596.7,0.10592],[62596.71,0.00016],[62596.8,0.00008],[62597.98,0.00018],[62597.99,0.60079],[62598.0,0.00041],[62598.01,0.10638],[62598.02,0.00008],[62598.08,0.0001],[62598.4,0.00008],[62598.41,0.004],[62598.95,0.00009],[62598.96,0.00008],[62599.02,0.00008],[62599.04,0.01269],[62599.05,1.91781],[62599.52,0.00817],[62599.53,0.00008],[62599.95,0.00008]],"ts":1783947426.771487}}}}
{"ts":1783947426.815016,"kind":{"Ev":{"BinanceTrade":{"px":62596.68,"sz":0.00898,"is_buyer_maker":true,"ts":1783947426.857}}}}
{"ts":1783947426.815016,"kind":{"Ev":{"BinanceTrade":{"px":62596.67,"sz":0.00079,"is_buyer_maker":true,"ts":1783947426.857}}}}
{"ts":1783947426.815016,"kind":{"Ev":{"BinanceTrade":{"px":62596.66,"sz":0.00016,"is_buyer_maker":true,"ts":1783947426.857}}}}
{"ts":1783947426.815016,"kind":{"Ev":{"BinanceTrade":{"px":62596.01,"sz":0.00027,"is_buyer_maker":true,"ts":1783947426.857}}}}
{"ts":1783947426.871051,"kind":{"Ev":{"BinanceBook":{"bids":[[62596.0,0.8635],[62595.99,0.00079],[62595.98,0.00016],[62595.9,0.00009],[62595.82,0.00009],[62595.75,0.00018],[62595.74,0.10913],[62595.2,0.00008],[62595.17,0.00008],[62595.08,0.00008],[62595.01,0.00032],[62594.57,0.00009],[62594.01,0.00018],[62594.0,0.024],[62593.76,0.00032],[62592.76,0.00009],[62592.01,0.00274],[62592.0,0.02408],[62591.81,0.00018],[62591.8,0.12361]],"asks":[[62596.01,4.93667],[62596.02,0.0007],[62596.03,0.00016],[62596.67,0.65457],[62596.68,0.02395],[62596.69,0.30836],[62596.7,0.00034],[62596.8,0.00008],[62597.34,0.00015],[62597.99,0.00018],[62598.0,0.00023],[62598.01,0.10638],[62598.02,0.00008],[62598.08,0.0001],[62598.4,0.00008],[62598.41,0.004],[62598.95,0.00009],[62598.96,0.00008],[62599.02,0.00008],[62599.04,0.01269]],"ts":1783947426.870821}}}}
{"ts":1783947426.974741,"kind":{"Ev":{"BinanceBook":{"bids":[[62596.0,0.11039],[62595.99,0.00088],[62595.98,0.00016],[62595.9,0.00009],[62595.82,0.00009],[62595.74,0.00016],[62595.2,0.00008],[62595.17,0.00008],[62595.08,0.00008],[62595.01,0.00032],[62594.57,0.00009],[62594.01,0.00018],[62594.0,0.024],[62592.76,0.00009],[62592.01,0.00274],[62592.0,0.02408],[62591.81,0.00018],[62591.8,0.12361],[62591.79,0.24014],[62591.78,0.00017]],"asks":[[62596.01,4.93779],[62596.02,0.00061],[62596.03,0.00016],[62596.67,0.65475],[62596.68,0.02413],[62596.69,0.30836],[62596.7,0.00008],[62596.8,0.00008],[62597.34,0.00015],[62598.0,0.00023],[62598.01,0.10638],[62598.02,0.00008],[62598.08,0.0001],[62598.4,0.00008],[62598.41,0.004],[62598.95,0.00009],[62598.96,0.00008],[62599.02,0.00008],[62599.04,0.01269],[62599.05,1.91781]],"ts":1783947426.974646}}}}
{"ts":1783947427.072676,"kind":{"Ev":{"BinanceBook":{"bids":[[62596.0,0.1103],[62595.99,0.00079],[62595.98,0.00016],[62595.9,0.00009],[62595.82,0.00009],[62595.74,0.00016],[62595.2,0.00008],[62595.17,0.00008],[62595.08,0.00008],[62595.01,0.00032],[62594.57,0.00009],[62594.12,0.00024],[62594.01,0.00018],[62594.0,0.024],[62592.76,0.00009],[62592.01,0.00274],[62592.0,0.02408],[62591.81,0.00018],[62591.8,0.12361],[62591.79,0.24014]],"asks":[[62596.01,4.95746],[62596.02,0.00034],[62596.03,0.00016],[62596.67,0.65475],[62596.68,0.02413],[62596.69,0.28833],[62596.7,0.00008],[62596.8,0.00008],[62597.98,0.011],[62598.0,0.00023],[62598.01,0.10638],[62598.02,0.00008],[62598.08,0.0001],[62598.4,0.00008],[62598.41,0.004],[62598.95,0.00009],[62598.96,0.00008],[62599.02,0.00008],[62599.04,0.01269],[62599.05,1.91781]],"ts":1783947427.072585}}}}
{"ts":1783947427.130986,"kind":{"Ev":{"Book":{"token":"42002722231283064949990025250377131906324856843888551358189787777901391200968","top":{"bid":0.27,"bid_sz":100.58,"ask":0.28,"ask_sz":241.2}}}}}
{"ts":1783947427.130986,"kind":{"Ev":{"Book":{"token":"81070311957363419031383618887132362635505135777473622130673169806759619170848","top":{"bid":0.72,"bid_sz":241.2,"ask":0.73,"ask_sz":100.58}}}}}
{"ts":1783947427.170544,"kind":{"Ev":{"BinanceBook":{"bids":[[62596.0,0.11038],[62595.99,0.00079],[62595.98,0.00016],[62595.9,0.00009],[62595.82,0.00009],[62595.74,0.00016],[62595.2,0.00008],[62595.17,0.00008],[62595.08,0.00008],[62595.01,0.00032],[62594.57,0.00009],[62594.31,0.00018],[62594.3,0.08905],[62594.12,0.00024],[62594.01,0.00018],[62594.0,0.024],[62592.76,0.00009],[62592.01,0.00274],[62592.0,0.02408],[62591.81,0.00018]],"asks":[[62596.01,4.95746],[62596.02,0.00034],[62596.03,0.00016],[62596.67,0.65475],[62596.68,0.02413],[62596.69,0.28833],[62596.7,0.00008],[62596.8,0.00008],[62597.98,0.01118],[62598.0,0.00023],[62598.01,0.10638],[62598.02,0.00008],[62598.08,0.0001],[62598.4,0.00008],[62598.41,0.004],[62598.96,0.00008],[62599.02,0.00008],[62599.04,0.01269],[62599.05,1.91781],[62599.52,0.00817]],"ts":1783947427.170506}}}}
{"ts":1783947427.211673,"kind":{"Ev":{"PriceTick":{"px":62541.12858187278,"ts":1783947426.0}}}}
{"ts":1783947427.270864,"kind":{"Ev":{"BinanceBook":{"bids":[[62596.0,0.11047],[62595.99,0.00088],[62595.98,0.00016],[62595.9,0.00009],[62595.82,0.00009],[62595.74,0.00016],[62595.2,0.00008],[62595.17,0.00008],[62595.08,0.00008],[62595.01,0.00032],[62594.57,0.00009],[62594.31,0.00018],[62594.12,0.00024],[62594.01,0.00018],[62594.0,0.024],[62592.76,0.00009],[62592.01,0.00018],[62592.0,0.02408],[62591.81,0.00018],[62591.8,0.00018]],"asks":[[62596.01,8.1552],[62596.02,0.00034],[62596.03,0.00016],[62596.67,0.65475],[62596.68,0.02413],[62596.69,0.28577],[62596.7,0.00008],[62596.8,0.00008],[62597.53,0.01724],[62597.61,0.03966],[62597.98,0.01118],[62598.0,0.00023],[62598.01,0.10638],[62598.02,0.00008],[62598.08,0.0001],[62598.4,0.00008],[62598.41,0.004],[62598.96,0.00008],[62599.02,0.00008],[62599.04,0.01269]],"ts":1783947427.270704}}}}
{"ts":1783947427.370581,"kind":{"Ev":{"BinanceBook":{"bids":[[62596.0,0.10977],[62595.99,0.00043],[62595.98,0.00016],[62595.9,0.00009],[62595.82,0.00009],[62595.74,0.00008],[62595.2,0.00008],[62595.17,0.00008],[62595.08,0.00008],[62595.01,0.00032],[62594.12,0.00024],[62594.01,0.00018],[62594.0,0.024],[62593.7,0.00032],[62592.76,0.00009],[62592.01,0.00018],[62592.0,0.02408],[62591.79,0.0001],[62591.35,0.00008],[62590.96,0.00009]],"asks":[[62596.01,8.1552],[62596.02,0.00034],[62596.03,0.00016],[62596.67,0.65475],[62596.68,0.02413],[62596.69,0.28577],[62596.7,0.00008],[62596.8,0.00008],[62597.53,0.01742],[62597.61,0.03984],[62597.98,0.01118],[62598.0,0.00023],[62598.01,0.10638],[62598.02,0.00008],[62598.03,0.00015],[62598.08,0.0001],[62598.4,0.00008],[62598.41,0.004],[62598.96,0.00008],[62599.02,0.00008]],"ts":1783947427.370547}}}}
{"ts":1783947427.470524,"kind":{"Ev":{"BinanceBook":{"bids":[[62596.0,0.11003],[62595.99,0.00052],[62595.98,0.00016],[62595.9,0.00009],[62595.82,0.00009],[62595.74,0.00008],[62595.2,0.00008],[62595.17,0.00008],[62595.08,0.00008],[62595.01,0.00032],[62594.12,0.00024],[62594.01,0.00018],[62594.0,0.024],[62593.7,0.00032],[62592.76,0.00009],[62592.01,0.00018],[62592.0,0.02408],[62591.79,0.0001],[62591.35,0.00008],[62590.96,0.00009]],"asks":[[62596.01,8.15636],[62596.02,0.00034],[62596.03,0.00016],[62596.67,0.65475],[62596.68,0.02413],[62596.69,0.28567],[62596.7,0.00008],[62596.8,0.00008],[62597.47,0.004],[62597.53,0.01742],[62597.61,0.03984],[62597.98,0.01118],[62598.0,0.00023],[62598.01,0.10638],[62598.02,0.00008],[62598.03,0.00015],[62598.08,0.0001],[62598.4,0.00008],[62598.41,0.004],[62598.96,0.00008]],"ts":1783947427.470451}}}}
{"ts":1783947427.570614,"kind":{"Ev":{"BinanceBook":{"bids":[[62596.0,0.10994],[62595.99,0.00043],[62595.98,0.00016],[62595.9,0.00009],[62595.82,0.00009],[62595.74,0.00008],[62595.2,0.00008],[62595.17,0.00008],[62595.08,0.00008],[62595.01,0.00032],[62594.12,0.00024],[62594.01,0.00018],[62594.0,0.024],[62592.76,0.00009],[62592.01,0.00018],[62592.0,0.02408],[62591.79,0.0001],[62591.35,0.00008],[62590.96,0.00009],[62590.41,0.00018]],"asks":[[62596.01,8.15636],[62596.02,0.00034],[62596.03,0.00016],[62596.67,0.65475],[62596.68,0.02413],[62596.69,0.20599],[62596.7,0.00008],[62596.8,0.00008],[62597.47,0.004],[62597.53,0.01742],[62597.61,0.03984],[62597.98,0.00018],[62598.0,0.00023],[62598.01,0.10638],[62598.02,0.00008],[62598.03,0.00015],[62598.08,0.0001],[62598.4,0.00008],[62598.41,0.004],[62598.96,0.00008]],"ts":1783947427.570558}}}}
{"ts":1783947427.671687,"kind":{"Ev":{"BinanceBook":{"bids":[[62596.0,0.10994],[62595.99,0.00043],[62595.98,0.00016],[62595.9,0.00009],[62595.82,0.00009],[62595.74,0.00008],[62595.2,0.00008],[62595.17,0.00008],[62595.08,0.00008],[62595.01,0.00032],[62594.12,0.00024],[62594.01,0.00018],[62594.0,0.024],[62592.76,0.00009],[62592.01,0.00018],[62592.0,0.02408],[62591.79,0.0001],[62591.35,0.00008],[62590.96,0.00009],[62590.41,0.00018]],"asks":[[62596.01,8.47501],[62596.02,0.00034],[62596.03,0.00016],[62596.67,0.65475],[62596.68,0.02413],[62596.69,0.20599],[62596.7,0.00008],[62596.8,0.00008],[62597.47,0.004],[62597.53,0.01742],[62597.61,0.03984],[62598.0,0.00023],[62598.01,0.10638],[62598.02,0.00008],[62598.03,0.00015],[62598.08,0.0001],[62598.4,0.00008],[62598.41,0.004],[62598.96,0.00008],[62599.02,0.00008]],"ts":1783947427.671597}}}}
{"ts":1783947427.691436,"kind":{"Ev":{"BinanceTrade":{"px":62596.01,"sz":0.0008,"is_buyer_maker":false,"ts":1783947427.734}}}}
{"ts":1783947427.77076,"kind":{"Ev":{"BinanceBook":{"bids":[[62596.0,0.11011],[62595.99,0.00052],[62595.98,0.00016],[62595.9,0.00009],[62595.82,0.00009],[62595.74,0.00008],[62595.2,0.00008],[62595.17,0.00008],[62595.08,0.00008],[62595.01,0.00032],[62594.57,0.00009],[62594.12,0.00024],[62594.01,0.00018],[62594.0,0.024],[62592.76,0.00009],[62592.01,0.00018],[62592.0,0.02408],[62591.79,0.0001],[62591.35,0.00008],[62590.96,0.00009]],"asks":[[62596.01,8.47421],[62596.02,0.00034],[62596.03,0.00016],[62596.67,0.65475],[62596.68,0.02413],[62596.69,0.20599],[62596.7,0.00008],[62596.8,0.00008],[62597.47,0.004],[62597.53,0.01742],[62597.61,0.03984],[62598.0,0.00023],[62598.01,0.10638],[62598.02,0.00008],[62598.03,0.00015],[62598.08,0.0001],[62598.4,0.00008],[62598.41,0.004],[62598.96,0.00008],[62599.02,0.00008]],"ts":1783947427.77068}}}}
{"ts":1783947427.817914,"kind":{"Ev":{"Book":{"token":"42002722231283064949990025250377131906324856843888551358189787777901391200968","top":{"bid":0.27,"bid_sz":47.83,"ask":0.28,"ask_sz":639.7}}}}}
{"ts":1783947427.817914,"kind":{"Ev":{"Book":{"token":"81070311957363419031383618887132362635505135777473622130673169806759619170848","top":{"bid":0.72,"bid_sz":639.7,"ask":0.73,"ask_sz":47.83}}}}}
{"ts":1783947427.870634,"kind":{"Ev":{"BinanceBook":{"bids":[[62596.0,0.11011],[62595.99,0.00052],[62595.98,0.00016],[62595.9,0.00009],[62595.82,0.00009],[62595.74,0.00008],[62595.2,0.00008],[62595.17,0.00008],[62595.08,0.00008],[62595.01,0.00032],[62594.57,0.00009],[62594.12,0.00024],[62594.01,0.00018],[62594.0,0.024],[62592.76,0.00009],[62592.01,0.00018],[62592.0,0.02408],[62591.79,0.0001],[62591.35,0.00008],[62590.96,0.00009]],"asks":[[62596.01,8.47421],[62596.02,0.00034],[62596.03,0.00016],[62596.67,0.65475],[62596.68,0.02413],[62596.69,0.20599],[62596.7,0.00008],[62596.8,0.00008],[62597.14,0.01248],[62597.47,0.004],[62597.53,0.01742],[62597.61,0.03984],[62598.0,0.00023],[62598.01,0.10638],[62598.02,0.00008],[62598.03,0.00015],[62598.08,0.0001],[62598.4,0.00008],[62598.41,0.004],[62598.96,0.00008]],"ts":1783947427.87044}}}}
{"ts":1783947427.870634,"kind":{"Ev":{"Book":{"token":"42002722231283064949990025250377131906324856843888551358189787777901391200968","top":{"bid":0.27,"bid_sz":21.83,"ask":0.28,"ask_sz":639.7}}}}}
{"ts":1783947427.871917,"kind":{"Ev":{"Book":{"token":"81070311957363419031383618887132362635505135777473622130673169806759619170848","top":{"bid":0.72,"bid_sz":639.7,"ask":0.73,"ask_sz":21.83}}}}}
{"ts":1783947427.970695,"kind":{"Ev":{"BinanceBook":{"bids":[[62596.0,0.02537],[62595.99,0.00052],[62595.98,0.00016],[62595.9,0.00009],[62595.82,0.00009],[62595.74,0.00008],[62595.2,0.00008],[62595.17,0.00008],[62595.08,0.00008],[62595.01,0.00032],[62594.57,0.00009],[62594.05,0.00024],[62594.01,0.00018],[62594.0,0.024],[62593.32,0.00009],[62592.76,0.00009],[62592.01,0.00018],[62592.0,0.02408],[62591.79,0.0001],[62591.35,0.00008]],"asks":[[62596.01,8.47538],[62596.02,0.00034],[62596.03,0.00016],[62596.67,0.65475],[62596.68,0.02413],[62596.69,0.20499],[62596.7,0.00008],[62596.8,0.00008],[62597.14,0.01266],[62597.47,0.004],[62597.53,0.01742],[62597.61,0.03984],[62598.0,0.00023],[62598.01,0.10638],[62598.02,0.00008],[62598.08,0.0001],[62598.4,0.00008],[62598.41,0.004],[62598.96,0.00008],[62599.02,0.00008]],"ts":1783947427.970648}}}}
{"ts":1783947428.070968,"kind":{"Ev":{"BinanceBook":{"bids":[[62596.0,0.02537],[62595.99,0.00052],[62595.98,0.00016],[62595.9,0.00009],[62595.82,0.00009],[62595.74,0.00008],[62595.2,0.00008],[62595.17,0.00008],[62595.08,0.00008],[62595.01,0.00032],[62594.57,0.00009],[62594.05,0.00024],[62594.01,0.00018],[62594.0,0.024],[62593.32,0.00009],[62592.76,0.00009],[62592.01,0.00018],[62592.0,0.02408],[62591.79,0.0001],[62591.35,0.00008]],"asks":[[62596.01,8.47538],[62596.02,0.00034],[62596.03,0.00016],[62596.67,0.65475],[62596.68,0.02413],[62596.69,0.20499],[62596.7,0.00008],[62596.8,0.00008],[62597.14,0.01266],[62597.47,0.004],[62597.53,0.01742],[62597.61,0.03984],[62597.99,0.013],[62598.0,0.00023],[62598.01,0.10638],[62598.02,0.00008],[62598.08,0.0001],[62598.4,0.00008],[62598.41,0.004],[62598.96,0.00008]],"ts":1783947428.070884}}}}
{"ts":1783947428.170604,"kind":{"Ev":{"BinanceBook":{"bids":[[62596.0,0.02537],[62595.99,0.00052],[62595.98,0.00016],[62595.9,0.00009],[62595.82,0.00009],[62595.74,0.00008],[62595.2,0.00008],[62595.17,0.00008],[62595.08,0.00008],[62595.01,0.00032],[62594.57,0.00009],[62594.05,0.00024],[62594.01,0.00018],[62594.0,0.024],[62593.32,0.00009],[62592.76,0.00009],[62592.01,0.00018],[62592.0,0.02408],[62591.79,0.0001],[62591.35,0.00008]],"asks":[[62596.01,8.47538],[62596.02,0.00034],[62596.03,0.00016],[62596.67,0.65475],[62596.68,0.02413],[62596.69,0.20499],[62596.7,0.00008],[62596.8,0.00008],[62597.14,0.01266],[62597.47,0.004],[62597.53,0.01742],[62597.61,0.03984],[62597.99,0.01318],[62598.0,0.00023],[62598.01,0.10638],[62598.02,0.00008],[62598.08,0.0001],[62598.4,0.00008],[62598.41,0.004],[62598.96,0.00008]],"ts":1783947428.17054}}}}
{"ts":1783947428.231336,"kind":{"Ev":{"BinanceTrade":{"px":62596.0,"sz":0.0001,"is_buyer_maker":true,"ts":1783947428.272}}}}
{"ts":1783947428.270733,"kind":{"Ev":{"BinanceBook":{"bids":[[62596.0,0.02527],[62595.99,0.00052],[62595.98,0.00016],[62595.9,0.00009],[62595.82,0.00009],[62595.74,0.00008],[62595.2,0.00008],[62595.17,0.00008],[62595.08,0.00008],[62595.01,0.00032],[62594.57,0.00009],[62594.05,0.00024],[62594.01,0.00018],[62594.0,0.024],[62593.32,0.00009],[62592.76,0.00009],[62592.01,0.00018],[62592.0,0.02408],[62591.79,0.0001],[62591.35,0.00008]],"asks":[[62596.01,8.4752],[62596.02,0.00034],[62596.03,0.00016],[62596.67,0.65475],[62596.68,0.02413],[62596.69,0.20499],[62596.7,0.00008],[62596.8,0.00008],[62597.14,0.01266],[62597.47,0.004],[62597.53,0.01742],[62597.61,0.03984],[62597.69,0.00009],[62597.99,0.01318],[62598.0,0.00023],[62598.01,0.10638],[62598.02,0.00008],[62598.08,0.0001],[62598.4,0.00008],[62598.41,0.004]],"ts":1783947428.270644}}}}
{"ts":1783947428.295377,"kind":{"Ev":{"BinanceTrade":{"px":62596.01,"sz":0.00009,"is_buyer_maker":false,"ts":1783947428.337}}}}
{"ts":1783947428.371523,"kind":{"Ev":{"BinanceBook":{"bids":[[62596.0,0.02527],[62595.99,0.00052],[62595.98,0.00016],[62595.9,0.00009],[62595.82,0.00009],[62595.74,0.00008],[62595.2,0.00008],[62595.17,0.00008],[62595.08,0.00008],[62595.01,0.00032],[62594.57,0.00009],[62594.05,0.00024],[62594.01,0.00018],[62594.0,0.024],[62593.32,0.00009],[62592.76,0.00009],[62592.01,0.00018],[62592.0,0.02408],[62591.79,0.0001],[62591.35,0.00008]],"asks":[[62596.01,8.47511],[62596.02,0.00034],[62596.03,0.00016],[62596.67,0.65475],[62596.68,0.02413],[62596.69,0.20499],[62596.7,0.00008],[62596.8,0.00008],[62597.14,0.01266],[62597.47,0.004],[62597.53,0.01742],[62597.61,0.03984],[62597.69,0.00009],[62597.99,0.01318],[62598.0,0.00023],[62598.01,0.10638],[62598.02,0.00008],[62598.08,0.0001],[62598.4,0.00008],[62598.41,0.004]],"ts":1783947428.371458}}}}
{"ts":1783947428.374759,"kind":{"Ev":{"BinanceTrade":{"px":62596.01,"sz":0.00012,"is_buyer_maker":false,"ts":1783947428.418}}}}
{"ts":1783947428.41859,"kind":{"Ev":{"PriceTick":{"px":62540.66302083505,"ts":1783947427.0}}}}
{"ts":1783947428.471231,"kind":{"Ev":{"BinanceBook":{"bids":[[62596.0,0.02687],[62595.99,0.00052],[62595.98,0.00016],[62595.9,0.00009],[62595.82,0.00009],[62595.74,0.00008],[62595.2,0.00008],[62595.17,0.00008],[62595.08,0.00008],[62595.01,0.00032],[62594.57,0.00009],[62594.05,0.00024],[62594.01,0.00018],[62594.0,0.024],[62593.32,0.00009],[62592.76,0.00009],[62592.01,0.00018],[62592.0,0.02408],[62591.79,0.0001],[62591.35,0.00008]],"asks":[[62596.01,8.47509],[62596.02,0.00034],[62596.03,0.00016],[62596.67,0.65475],[62596.68,0.02413],[62596.69,0.20499],[62596.7,0.00008],[62596.8,0.00008],[62597.14,0.01266],[62597.47,0.004],[62597.53,0.01742],[62597.61,0.03984],[62597.69,0.00009],[62597.99,0.01318],[62598.0,0.00023],[62598.01,0.10638],[62598.02,0.00008],[62598.08,0.0001],[62598.4,0.00008],[62598.41,0.004]],"ts":1783947428.47115}}}}
{"ts":1783947428.571137,"kind":{"Ev":{"BinanceBook":{"bids":[[62596.0,0.02678],[62595.99,0.00052],[62595.98,0.00016],[62595.9,0.00009],[62595.82,0.00009],[62595.74,0.00008],[62595.2,0.00008],[62595.17,0.00008],[62595.08,0.00008],[62595.01,0.00032],[62594.57,0.00009],[62594.05,0.00024],[62594.01,0.00018],[62594.0,0.024],[62593.32,0.00009],[62592.76,0.00009],[62592.01,0.00018],[62592.0,0.02408],[62591.79,0.0001],[62591.35,0.00008]],"asks":[[62596.01,8.47509],[62596.02,0.00034],[62596.03,0.00016],[62596.67,0.65475],[62596.68,0.02413],[62596.69,0.20499],[62596.7,0.00008],[62596.8,0.00008],[62597.14,0.01266],[62597.47,0.004],[62597.53,0.01742],[62597.61,0.03984],[62597.69,0.00009],[62597.99,0.00018],[62598.0,0.00023],[62598.01,0.10638],[62598.02,0.00008],[62598.08,0.0001],[62598.4,0.00008],[62598.41,0.004]],"ts":1783947428.571076}}}}
{"ts":1783947428.670985,"kind":{"Ev":{"BinanceBook":{"bids":[[62596.0,0.02678],[62595.99,0.00052],[62595.98,0.00016],[62595.9,0.00009],[62595.82,0.00009],[62595.74,0.00008],[62595.2,0.00008],[62595.17,0.00008],[62595.08,0.00008],[62595.01,0.00032],[62594.57,0.00009],[62594.05,0.00024],[62594.01,0.00018],[62594.0,0.024],[62593.32,0.00009],[62592.76,0.00009],[62592.01,0.00018],[62592.0,0.02408],[62591.79,0.0001],[62591.35,0.00008]],"asks":[[62596.01,8.47509],[62596.02,0.00034],[62596.03,0.00016],[62596.67,0.65475],[62596.68,0.02413],[62596.69,0.20499],[62596.7,0.00008],[62596.8,0.00008],[62597.14,0.01266],[62597.47,0.004],[62597.53,0.01742],[62597.61,0.03984],[62597.69,0.00009],[62598.0,0.00033],[62598.01,0.10638],[62598.02,0.00008],[62598.08,0.0001],[62598.4,0.00008],[62598.41,0.004],[62598.96,0.00008]],"ts":1783947428.670892}}}}
{"ts":1783947428.770974,"kind":{"Ev":{"BinanceBook":{"bids":[[62596.0,0.02678],[62595.99,0.00052],[62595.98,0.00016],[62595.9,0.00009],[62595.82,0.00009],[62595.74,0.00008],[62595.2,0.00008],[62595.17,0.00008],[62595.08,0.00008],[62595.01,0.00032],[62594.57,0.00009],[62594.05,0.00024],[62594.01,0.00018],[62594.0,0.024],[62593.32,0.00009],[62592.76,0.00009],[62592.01,0.00018],[62592.0,0.02408],[62591.79,0.0001],[62591.35,0.00008]],"asks":[[62596.01,8.47509],[62596.02,0.00034],[62596.03,0.00016],[62596.67,0.65475],[62596.68,0.02413],[62596.69,0.20499],[62596.7,0.00008],[62596.8,0.00008],[62597.14,0.01266],[62597.47,0.004],[62597.53,0.01742],[62597.61,0.03984],[62597.69,0.00009],[62598.0,0.00033],[62598.01,0.10638],[62598.02,0.00008],[62598.08,0.0001],[62598.4,0.00008],[62598.41,0.004],[62598.96,0.00008]],"ts":1783947428.770881}}}}
{"ts":1783947428.870787,"kind":{"Ev":{"BinanceBook":{"bids":[[62596.0,0.02678],[62595.99,0.00052],[62595.98,0.00016],[62595.9,0.00009],[62595.82,0.00009],[62595.74,0.00008],[62595.2,0.00008],[62595.17,0.00008],[62595.08,0.00008],[62595.01,0.00032],[62594.57,0.00009],[62594.05,0.00024],[62594.01,0.00018],[62594.0,0.024],[62593.32,0.00009],[62592.76,0.00009],[62592.01,0.00018],[62592.0,0.02408],[62591.79,0.0001],[62591.35,0.00008]],"asks":[[62596.01,8.47509],[62596.02,0.00034],[62596.03,0.00016],[62596.67,0.65475],[62596.68,0.02413],[62596.69,0.20499],[62596.7,0.00008],[62596.8,0.00008],[62597.14,0.01266],[62597.47,0.004],[62597.53,0.01742],[62597.61,0.03984],[62597.69,0.00009],[62598.0,0.00033],[62598.01,0.10638],[62598.02,0.00008],[62598.08,0.0001],[62598.4,0.00008],[62598.41,0.004],[62598.96,0.00008]],"ts":1783947428.87067}}}}
{"ts":1783947428.970537,"kind":{"Ev":{"BinanceBook":{"bids":[[62596.0,0.02678],[62595.99,0.00052],[62595.98,0.00016],[62595.9,0.00009],[62595.82,0.00009],[62595.74,0.00008],[62595.2,0.00008],[62595.17,0.00008],[62595.08,0.00008],[62595.01,0.00032],[62594.57,0.00009],[62594.05,0.00024],[62594.01,0.00018],[62594.0,0.024],[62593.32,0.00009],[62592.76,0.00009],[62592.01,0.00018],[62592.0,0.02408],[62591.79,0.0001],[62591.52,0.00018]],"asks":[[62596.01,8.47509],[62596.02,0.00034],[62596.03,0.00016],[62596.67,0.65475],[62596.68,0.02413],[62596.69,0.20499],[62596.7,0.00008],[62596.8,0.00008],[62597.14,0.01266],[62597.47,0.004],[62597.53,0.01742],[62597.61,0.03984],[62597.69,0.00009],[62598.0,0.00033],[62598.01,0.10638],[62598.02,0.00008],[62598.08,0.0001],[62598.4,0.00008],[62598.41,0.004],[62598.96,0.00008]],"ts":1783947428.970481}}}}
{"ts":1783947429.0708,"kind":{"Ev":{"BinanceBook":{"bids":[[62596.0,0.02678],[62595.99,0.00052],[62595.98,0.00016],[62595.9,0.00009],[62595.82,0.00009],[62595.74,0.00008],[62595.2,0.00008],[62595.17,0.00008],[62595.08,0.00008],[62595.01,0.00032],[62594.57,0.00009],[62594.05,0.00024],[62594.01,0.00018],[62594.0,0.024],[62593.32,0.00009],[62592.76,0.00009],[62592.01,0.00018],[62592.0,0.02408],[62591.79,0.0001],[62591.52,0.00018]],"asks":[[62596.01,8.47509],[62596.02,0.00034],[62596.03,0.00016],[62596.67,0.65475],[62596.68,0.02413],[62596.69,0.20499],[62596.7,0.00008],[62596.8,0.00008],[62597.14,0.01266],[62597.47,0.004],[62597.53,0.01742],[62597.61,0.03984],[62597.69,0.00009],[62597.99,0.011],[62598.0,0.00033],[62598.01,0.10638],[62598.02,0.00008],[62598.08,0.0001],[62598.4,0.00008],[62598.41,0.004]],"ts":1783947429.070711}}}}
{"ts":1783947429.158071,"kind":{"Ev":{"Book":{"token":"42002722231283064949990025250377131906324856843888551358189787777901391200968","top":{"bid":0.26,"bid_sz":31.28,"ask":0.28,"ask_sz":663.7}}}}}
{"ts":1783947429.158071,"kind":{"Ev":{"Book":{"token":"81070311957363419031383618887132362635505135777473622130673169806759619170848","top":{"bid":0.72,"bid_sz":663.7,"ask":0.74,"ask_sz":31.28}}}}}
{"ts":1783947429.170428,"kind":{"Ev":{"BinanceBook":{"bids":[[62596.0,0.02678],[62595.99,0.00052],[62595.98,0.00016],[62595.9,0.00009],[62595.82,0.00009],[62595.74,0.00008],[62595.2,0.00008],[62595.17,0.00008],[62595.08,0.00008],[62595.01,0.00032],[62594.57,0.00009],[62594.05,0.00024],[62594.01,0.00018],[62594.0,0.024],[62593.32,0.00009],[62592.76,0.00009],[62592.01,0.00018],[62592.0,0.02408],[62591.79,0.0001],[62591.52,0.00018]],"asks":[[62596.01,8.47509],[62596.02,0.00034],[62596.03,0.00016],[62596.67,0.65475],[62596.68,0.02413],[62596.69,0.20499],[62596.7,0.00008],[62596.8,0.00008],[62597.14,0.01266],[62597.47,0.004],[62597.53,0.01742],[62597.61,0.03984],[62597.69,0.00009],[62597.99,0.01118],[62598.0,0.00033],[62598.01,0.10638],[62598.02,0.00008],[62598.08,0.0001],[62598.4,0.00008],[62598.41,0.004]],"ts":1783947429.170229}}}}
{"ts":1783947429.270743,"kind":{"Ev":{"BinanceBook":{"bids":[[62596.0,0.02678],[62595.99,0.00052],[62595.98,0.00016],[62595.9,0.00009],[62595.82,0.00009],[62595.74,0.00008],[62595.2,0.00008],[62595.17,0.00008],[62595.08,0.00008],[62595.01,0.00032],[62594.57,0.00009],[62594.05,0.00024],[62594.01,0.00018],[62594.0,0.024],[62593.32,0.00009],[62592.76,0.00009],[62592.01,0.00018],[62592.0,0.02408],[62591.79,0.0001],[62591.52,0.00018]],"asks":[[62596.01,8.47509],[62596.02,0.00034],[62596.03,0.00016],[62596.67,0.65475],[62596.68,0.02413],[62596.69,0.20499],[62596.7,0.00008],[62596.8,0.00008],[62597.14,0.01266],[62597.47,0.004],[62597.53,0.01742],[62597.61,0.03984],[62597.69,0.00009],[62597.99,0.01118],[62598.0,0.00033],[62598.01,0.10638],[62598.02,0.00008],[62598.08,0.0001],[62598.4,0.00008],[62598.41,0.004]],"ts":1783947429.270654}}}}
{"ts":1783947429.37051,"kind":{"Ev":{"BinanceBook":{"bids":[[62596.0,0.02669],[62595.99,0.00043],[62595.98,0.00016],[62595.9,0.00009],[62595.82,0.00009],[62595.74,0.00008],[62595.2,0.00008],[62595.17,0.00008],[62595.08,0.00008],[62595.01,0.00032],[62594.57,0.00009],[62594.05,0.00024],[62594.01,0.00018],[62594.0,0.024],[62593.32,0.00009],[62592.76,0.00009],[62592.31,0.00018],[62592.3,0.09722],[62592.01,0.00018],[62592.0,0.02408]],"asks":[[62596.01,8.47509],[62596.02,0.00034],[62596.03,0.00016],[62596.67,0.65475],[62596.68,0.02413],[62596.69,0.20499],[62596.7,0.00008],[62596.8,0.00008],[62597.14,0.01266],[62597.47,0.004],[62597.53,0.01742],[62597.61,0.03984],[62597.69,0.00009],[62597.99,0.01118],[62598.0,0.00033],[62598.01,0.10638],[62598.02,0.00008],[62598.08,0.0001],[62598.4,0.00008],[62598.41,0.004]],"ts":1783947429.370438}}}}
{"ts":1783947429.407002,"kind":{"Ev":{"BinanceTrade":{"px":62596.01,"sz":0.00016,"is_buyer_maker":false,"ts":1783947429.449}}}}
{"ts":1783947429.470744,"kind":{"Ev":{"BinanceBook":{"bids":[[62596.0,0.02661],[62595.99,0.00043],[62595.98,0.00016],[62595.9,0.00009],[62595.82,0.00009],[62595.74,0.00008],[62595.2,0.00008],[62595.17,0.00008],[62595.08,0.00008],[62595.01,0.00032],[62594.57,0.00009],[62594.05,0.00024],[62594.01,0.00018],[62594.0,0.024],[62593.32,0.00009],[62592.76,0.00009],[62592.01,0.00018],[62592.0,0.02408],[62591.79,0.0001],[62591.35,0.00008]],"asks":[[62596.01,8.47493],[62596.02,0.00034],[62596.03,0.00016],[62596.67,0.65475],[62596.68,0.02413],[62596.69,0.20499],[62596.7,0.00008],[62596.8,0.00008],[62597.14,0.01266],[62597.47,0.004],[62597.53,0.01742],[62597.61,0.03984],[62597.69,0.00009],[62597.99,0.01118],[62598.0,0.00033],[62598.01,0.10638],[62598.02,0.00008],[62598.08,0.0001],[62598.4,0.00008],[62598.41,0.004]],"ts":1783947429.470604}}}}
{"ts":1783947429.470744,"kind":{"Ev":{"PriceTick":{"px":62540.29365834771,"ts":1783947428.0}}}}
{"ts":1783947429.551117,"kind":{"Ev":{"BinanceTrade":{"px":62596.01,"sz":0.00009,"is_buyer_maker":false,"ts":1783947429.594}}}}
{"ts":1783947429.570902,"kind":{"Ev":{"BinanceBook":{"bids":[[62596.0,0.02661],[62595.99,0.00043],[62595.98,0.00016],[62595.9,0.00009],[62595.82,0.00009],[62595.74,0.00008],[62595.2,0.00008],[62595.17,0.00008],[62595.08,0.00008],[62595.01,0.00032],[62594.57,0.00009],[62594.05,0.00024],[62594.01,0.00018],[62594.0,0.024],[62593.32,0.00009],[62592.76,0.00009],[62592.01,0.00018],[62592.0,0.02408],[62591.79,0.0001],[62591.35,0.00008]],"asks":[[62596.01,8.47484],[62596.02,0.00034],[62596.03,0.00016],[62596.67,0.65475],[62596.68,0.02413],[62596.69,0.20499],[62596.7,0.00008],[62596.8,0.00008],[62597.14,0.01266],[62597.47,0.004],[62597.53,0.01742],[62597.61,0.03984],[62597.69,0.00009],[62597.99,0.00018],[62598.0,0.00033],[62598.01,0.10638],[62598.02,0.00008],[62598.08,0.0001],[62598.4,0.00008],[62598.41,0.004]],"ts":1783947429.570852}}}}
{"ts":1783947429.625049,"kind":{"Ev":{"BinanceTrade":{"px":62596.01,"sz":0.00009,"is_buyer_maker":false,"ts":1783947429.667}}}}
{"ts":1783947429.671324,"kind":{"Ev":{"BinanceBook":{"bids":[[62596.0,0.0267],[62595.99,0.00052],[62595.98,0.00016],[62595.9,0.00009],[62595.82,0.00009],[62595.74,0.00008],[62595.2,0.00008],[62595.17,0.00008],[62595.08,0.00008],[62595.01,0.00032],[62594.57,0.00009],[62594.05,0.00024],[62594.01,0.00018],[62594.0,0.024],[62593.32,0.00009],[62592.76,0.00009],[62592.01,0.00018],[62592.0,0.02408],[62591.79,0.0001],[62591.35,0.00008]],"asks":[[62596.01,8.47475],[62596.02,0.00034],[62596.03,0.00016],[62596.67,0.65475],[62596.68,0.02413],[62596.69,0.20499],[62596.7,0.00008],[62596.8,0.00008],[62597.14,0.01266],[62597.47,0.004],[62597.53,0.01742],[62597.61,0.03984],[62597.69,0.00009],[62598.0,0.00033],[62598.01,0.10638],[62598.02,0.00008],[62598.08,0.0001],[62598.4,0.00008],[62598.41,0.004],[62598.96,0.00008]],"ts":1783947429.671242}}}}
{"ts":1783947429.742162,"kind":{"Ev":{"BinanceTrade":{"px":62596.0,"sz":0.00014,"is_buyer_maker":true,"ts":1783947429.785}}}}
{"ts":1783947429.762017,"kind":{"Ev":{"BinanceTrade":{"px":62596.0,"sz":0.00011,"is_buyer_maker":true,"ts":1783947429.804}}}}
{"ts":1783947429.762852,"kind":{"Ev":{"BinanceTrade":{"px":62596.0,"sz":0.01074,"is_buyer_maker":true,"ts":1783947429.805}}}}
{"ts":1783947429.764747,"kind":{"Ev":{"BinanceTrade":{"px":62596.0,"sz":0.01107,"is_buyer_maker":true,"ts":1783947429.807}}}}
{"ts":1783947429.765636,"kind":{"Ev":{"BinanceTrade":{"px":62596.0,"sz":0.00544,"is_buyer_maker":true,"ts":1783947429.807}}}}
{"ts":1783947429.765636,"kind":{"Ev":{"BinanceTrade":{"px":62595.99,"sz":0.00052,"is_buyer_maker":true,"ts":1783947429.807}}}}
{"ts":1783947429.765636,"kind":{"Ev":{"BinanceTrade":{"px":62595.98,"sz":0.00016,"is_buyer_maker":true,"ts":1783947429.807}}}}
{"ts":1783947429.765636,"kind":{"Ev":{"BinanceTrade":{"px":62595.82,"sz":0.00009,"is_buyer_maker":true,"ts":1783947429.807}}}}
{"ts":1783947429.765636,"kind":{"Ev":{"BinanceTrade":{"px":62595.74,"sz":0.00016,"is_buyer_maker":true,"ts":1783947429.807}}}}
{"ts":1783947429.765636,"kind":{"Ev":{"BinanceTrade":{"px":62595.2,"sz":0.00008,"is_buyer_maker":true,"ts":1783947429.807}}}}
{"ts":1783947429.765636,"kind":{"Ev":{"BinanceTrade":{"px":62595.17,"sz":0.00016,"is_buyer_maker":true,"ts":1783947429.807}}}}
{"ts":1783947429.765636,"kind":{"Ev":{"BinanceTrade":{"px":62595.08,"sz":0.00016,"is_buyer_maker":true,"ts":1783947429.807}}}}
{"ts":1783947429.765636,"kind":{"Ev":{"BinanceTrade":{"px":62595.01,"sz":0.00032,"is_buyer_maker":true,"ts":1783947429.807}}}}
{"ts":1783947429.765636,"kind":{"Ev":{"BinanceTrade":{"px":62594.57,"sz":0.00009,"is_buyer_maker":true,"ts":1783947429.807}}}}
{"ts":1783947429.765636,"kind":{"Ev":{"BinanceTrade":{"px":62594.05,"sz":0.00024,"is_buyer_maker":true,"ts":1783947429.807}}}}
{"ts":1783947429.765636,"kind":{"Ev":{"BinanceTrade":{"px":62594.01,"sz":0.00027,"is_buyer_maker":true,"ts":1783947429.807}}}}
{"ts":1783947429.770773,"kind":{"Ev":{"BinanceBook":{"bids":[[62594.0,0.09234],[62593.99,0.00045],[62593.32,0.00009],[62592.76,0.00009],[62592.01,0.00018],[62592.0,0.02408],[62591.35,0.00008],[62590.41,0.00018],[62590.4,0.00008],[62590.25,0.00027],[62590.24,0.08645],[62590.02,0.00008],[62590.01,0.00018],[62590.0,0.024],[62589.92,0.0025],[62589.91,0.00017],[62589.77,0.00009],[62589.76,0.00008],[62589.68,0.00028],[62589.67,0.00531]],"asks":[[62594.01,5.47482],[62594.02,0.00034],[62594.03,0.00016],[62594.12,0.03966],[62595.2,0.00008],[62595.75,0.11208],[62595.9,0.004],[62596.0,6.00115],[62596.01,4.31744],[62596.67,0.00018],[62596.68,0.02413],[62596.69,0.03234],[62596.7,0.00008],[62596.8,0.00008],[62597.14,0.01266],[62597.47,0.004],[62597.53,0.01742],[62597.61,0.03984],[62597.69,0.00009],[62598.0,0.00033]],"ts":1783947429.770691}}}}
{"ts":1783947429.810702,"kind":{"Ev":{"BinanceTrade":{"px":62594.0,"sz":0.00009,"is_buyer_maker":true,"ts":1783947429.852}}}}
{"ts":1783947429.871123,"kind":{"Ev":{"BinanceBook":{"bids":[[62594.0,0.09278],[62593.99,0.00063],[62593.32,0.00009],[62592.76,0.00009],[62592.01,0.00018],[62592.0,0.02408],[62591.35,0.00008],[62590.4,0.00008],[62590.25,0.00027],[62590.24,0.08645],[62590.02,0.00008],[62590.01,0.00018],[62590.0,0.024],[62589.92,0.0025],[62589.91,0.00017],[62589.76,0.00008],[62589.68,0.00028],[62589.67,0.00531],[62589.62,0.00009],[62589.59,0.01]],"asks":[[62594.01,5.99393],[62594.02,0.00034],[62594.03,0.00016],[62594.12,0.03984],[62594.33,0.004],[62595.2,0.00008],[62595.75,0.11226],[62595.9,0.004],[62595.99,1.93829],[62596.0,3.06863],[62596.01,3.81632],[62596.68,0.02413],[62596.69,0.03234],[62596.7,0.00008],[62596.8,0.00008],[62597.14,0.01266],[62597.47,0.004],[62597.53,0.01742],[62597.61,0.03966],[62598.0,0.00033]],"ts":1783947429.87103}}}}
{"ts":1783947429.970751,"kind":{"Ev":{"BinanceBook":{"bids":[[62594.0,0.09278],[62593.99,0.00063],[62593.32,0.00009],[62592.76,0.00009],[62592.01,0.00018],[62592.0,0.02408],[62591.35,0.00008],[62590.4,0.00008],[62590.25,0.00027],[62590.24,0.08645],[62590.02,0.00008],[62590.01,0.00018],[62590.0,0.024],[62589.92,0.0025],[62589.91,0.00017],[62589.76,0.00008],[62589.68,0.00028],[62589.67,0.00531],[62589.62,0.00009],[62589.59,0.01]],"asks":[[62594.01,6.00307],[62594.02,0.00034],[62594.03,0.00016],[62594.12,0.03984],[62594.33,0.004],[62595.2,0.00008],[62595.75,0.11226],[62595.9,0.004],[62595.99,1.93847],[62596.0,3.06863],[62596.01,3.59032],[62596.68,0.02413],[62596.69,0.03234],[62596.7,0.00008],[62596.8,0.00008],[62597.14,0.01266],[62597.47,0.004],[62597.53,0.01724],[62597.61,0.03966],[62598.0,0.00033]],"ts":1783947429.970698}}}}
{"ts":1783947430.070514,"kind":{"Ev":{"BinanceBook":{"bids":[[62594.0,0.09278],[62593.99,0.00063],[62593.32,0.00009],[62592.76,0.00009],[62592.1,0.00022],[62592.01,0.00018],[62592.0,0.02408],[62591.35,0.00008],[62590.4,0.00008],[62590.25,0.00027],[62590.24,0.08645],[62590.02,0.00008],[62590.01,0.00018],[62590.0,0.024],[62589.92,0.0025],[62589.91,0.00017],[62589.76,0.00008],[62589.68,0.00028],[62589.67,0.00531],[62589.62,0.00009]],"asks":[[62594.01,6.00454],[62594.02,0.00034],[62594.03,0.00016],[62594.12,0.03984],[62594.33,0.004],[62595.2,0.00008],[62595.75,0.11226],[62595.9,0.004],[62595.99,1.93847],[62596.0,3.06863],[62596.01,3.58933],[62596.68,0.02413],[62596.69,0.03234],[62596.7,0.00008],[62596.8,0.00008],[62597.14,0.01266],[62597.47,0.004],[62597.53,0.01724],[62597.61,0.03966],[62597.99,0.011]],"ts":1783947430.070406}}}}
{"ts":1783947430.097695,"kind":{"Ev":{"Book":{"token":"42002722231283064949990025250377131906324856843888551358189787777901391200968","top":{"bid":0.25,"bid_sz":12.0,"ask":0.26,"ask_sz":445.0}}}}}
{"ts":1783947430.097695,"kind":{"Ev":{"Book":{"token":"81070311957363419031383618887132362635505135777473622130673169806759619170848","top":{"bid":0.74,"bid_sz":445.0,"ask":0.75,"ask_sz":12.0}}}}}
{"ts":1783947430.102093,"kind":{"Ev":{"BinanceTrade":{"px":62594.0,"sz":0.00179,"is_buyer_maker":true,"ts":1783947430.145}}}}
{"ts":1783947430.170911,"kind":{"Ev":{"BinanceBook":{"bids":[[62594.0,0.09205],[62593.99,0.00063],[62593.32,0.00009],[62592.76,0.00009],[62592.1,0.00022],[62592.01,0.00018],[62592.0,0.02408],[62591.35,0.00008],[62591.19,0.00018],[62591.18,0.10703],[62590.25,0.00009],[62590.02,0.00008],[62590.01,0.00018],[62590.0,0.024],[62589.92,0.0025],[62589.91,0.00017],[62589.76,0.00008],[62589.68,0.00028],[62589.67,0.00531],[62589.62,0.00009]],"asks":[[62594.01,4.74581],[62594.02,0.00034],[62594.03,0.00016],[62594.12,0.03984],[62594.33,0.004],[62595.2,0.00008],[62595.75,0.11226],[62595.9,0.004],[62595.99,1.84226],[62596.0,3.06872],[62596.01,3.58933],[62596.68,0.02413],[62596.69,0.03234],[62596.7,0.00008],[62596.8,0.00008],[62597.14,0.01266],[62597.47,0.004],[62597.53,0.01724],[62597.61,0.03966],[62597.99,0.011]],"ts":1783947430.170826}}}}
{"ts":1783947430.2046,"kind":{"Ev":{"Book":{"token":"42002722231283064949990025250377131906324856843888551358189787777901391200968","top":{"bid":0.24,"bid_sz":45.56,"ask":0.26,"ask_sz":749.5}}}}}
{"ts":1783947430.2046,"kind":{"Ev":{"Book":{"token":"81070311957363419031383618887132362635505135777473622130673169806759619170848","top":{"bid":0.74,"bid_sz":749.5,"ask":0.76,"ask_sz":45.56}}}}}
{"ts":1783947430.230054,"kind":{"Ev":{"BinanceTrade":{"px":62594.0,"sz":0.00013,"is_buyer_maker":true,"ts":1783947430.272}}}}
{"ts":1783947430.270742,"kind":{"Ev":{"BinanceBook":{"bids":[[62594.0,0.09167],[62593.99,0.00063],[62592.76,0.00009],[62592.1,0.00022],[62592.01,0.00018],[62592.0,0.02408],[62590.25,0.00009],[62590.02,0.00008],[62590.01,0.00018],[62590.0,0.024],[62589.92,0.0025],[62589.91,0.00017],[62589.76,0.00008],[62589.68,0.00028],[62589.67,0.00531],[62589.62,0.00009],[62589.59,0.01],[62589.58,0.01],[62589.47,0.00009],[62589.2,0.00009]],"asks":[[62594.01,4.7631],[62594.02,0.00034],[62594.03,0.00016],[62594.12,0.03984],[62594.33,0.004],[62595.2,0.01275],[62595.75,0.11226],[62595.9,0.004],[62595.99,1.84226],[62596.0,3.06872],[62596.01,3.58933],[62596.68,0.02413],[62596.69,0.03234],[62596.7,0.00008],[62596.8,0.00008],[62597.14,0.01266],[62597.47,0.004],[62597.53,0.01724],[62597.61,0.03966],[62597.99,0.011]],"ts":1783947430.270662}}}}
{"ts":1783947430.371372,"kind":{"Ev":{"BinanceBook":{"bids":[[62594.0,0.09167],[62593.99,0.00063],[62592.76,0.00009],[62592.1,0.00022],[62592.01,0.00018],[62592.0,0.02408],[62590.25,0.00009],[62590.02,0.00008],[62590.01,0.00018],[62590.0,0.024],[62589.92,0.0025],[62589.91,0.00017],[62589.76,0.00008],[62589.68,0.00028],[62589.67,0.00531],[62589.62,0.00009],[62589.59,0.01],[62589.58,0.01],[62589.47,0.00009],[62589.2,0.00009]],"asks":[[62594.01,4.7631],[62594.02,0.00034],[62594.03,0.00016],[62594.12,0.03984],[62594.33,0.004],[62595.2,0.01293],[62595.75,0.11226],[62595.9,0.004],[62595.99,1.84226],[62596.0,3.06872],[62596.01,3.58933],[62596.68,0.02413],[62596.69,0.03234],[62596.7,0.00008],[62596.8,0.00008],[62597.14,0.01248],[62597.47,0.004],[62597.53,0.01724],[62597.61,0.03966],[62597.99,0.011]],"ts":1783947430.371277}}}}
{"ts":1783947430.417312,"kind":{"Ev":{"Book":{"token":"42002722231283064949990025250377131906324856843888551358189787777901391200968","top":{"bid":0.24,"bid_sz":39.26,"ask":0.25,"ask_sz":580.6}}}}}
{"ts":1783947430.418797,"kind":{"Ev":{"Book":{"token":"81070311957363419031383618887132362635505135777473622130673169806759619170848","top":{"bid":0.75,"bid_sz":580.6,"ask":0.76,"ask_sz":39.26}}}}}
{"ts":1783947430.470436,"kind":{"Ev":{"BinanceBook":{"bids":[[62594.0,0.09167],[62593.99,0.00063],[62593.94,0.00009],[62592.76,0.00009],[62592.1,0.00022],[62592.01,0.00018],[62592.0,0.02408],[62590.25,0.00009],[62590.02,0.00008],[62590.01,0.00018],[62590.0,0.024],[62589.92,0.0025],[62589.91,0.00017],[62589.86,0.11492],[62589.76,0.00008],[62589.68,0.00028],[62589.67,0.00531],[62589.62,0.00009],[62589.59,0.01],[62589.58,0.01]],"asks":[[62594.01,4.75511],[62594.02,0.00034],[62594.03,0.00016],[62594.12,0.03984],[62594.33,0.004],[62595.2,0.01293],[62595.74,0.00799],[62595.75,0.11226],[62595.9,0.004],[62595.99,1.84226],[62596.0,3.06872],[62596.01,3.58923],[62596.68,0.02413],[62596.69,0.03234],[62596.7,0.00008],[62596.8,0.00008],[62597.14,0.01248],[62597.47,0.004],[62597.53,0.01724],[62597.61,0.03966]],"ts":1783947430.470377}}}}
{"ts":1783947430.493093,"kind":{"Ev":{"BinanceTrade":{"px":62594.0,"sz":0.00009,"is_buyer_maker":true,"ts":1783947430.536}}}}
{"ts":1783947430.496602,"kind":{"Ev":{"Book":{"token":"42002722231283064949990025250377131906324856843888551358189787777901391200968","top":{"bid":0.24,"bid_sz":71.94,"ask":0.25,"ask_sz":580.6}}}}}
{"ts":1783947430.496602,"kind":{"Ev":{"Book":{"token":"81070311957363419031383618887132362635505135777473622130673169806759619170848","top":{"bid":0.75,"bid_sz":580.6,"ask":0.76,"ask_sz":71.94}}}}}
{"ts":1783947430.57079,"kind":{"Ev":{"BinanceBook":{"bids":[[62594.0,0.09166],[62593.99,0.00063],[62593.94,0.00009],[62592.76,0.00009],[62592.1,0.00022],[62592.01,0.00018],[62592.0,0.02408],[62590.25,0.00009],[62590.02,0.00008],[62590.01,0.00018],[62590.0,0.024],[62589.92,0.0025],[62589.91,0.00017],[62589.87,0.00018],[62589.86,0.11492],[62589.76,0.00008],[62589.68,0.00028],[62589.67,0.00531],[62589.62,0.00009],[62589.59,0.01]],"asks":[[62594.01,4.75511],[62594.02,0.00034],[62594.03,0.00016],[62594.12,0.03984],[62594.33,0.004],[62595.2,0.01293],[62595.74,0.00817],[62595.75,0.11226],[62595.9,0.004],[62595.99,1.84226],[62596.0,3.07064],[62596.01,3.58923],[62596.68,0.02413],[62596.69,0.03216],[62596.7,0.00008],[62596.8,0.00008],[62597.14,0.01248],[62597.47,0.004],[62597.53,0.01724],[62597.61,0.03966]],"ts":1783947430.570772}}}}
{"ts":1783947430.575229,"kind":{"Ev":{"PriceTick":{"px":62539.314397685,"ts":1783947429.0}}}}
{"ts":1783947430.591927,"kind":{"Ev":{"BinanceTrade":{"px":62594.01,"sz":0.00062,"is_buyer_maker":false,"ts":1783947430.635}}}}
{"ts":1783947430.67168,"kind":{"Ev":{"BinanceBook":{"bids":[[62594.0,0.09166],[62593.99,0.00063],[62593.94,0.00009],[62592.76,0.00009],[62592.1,0.00022],[62592.01,0.00018],[62592.0,0.02408],[62590.59,0.00018],[62590.58,0.10533],[62590.25,0.00009],[62590.02,0.00008],[62590.01,0.00018],[62590.0,0.024],[62589.92,0.0025],[62589.91,0.00017],[62589.76,0.00008],[62589.68,0.00028],[62589.67,0.00531],[62589.62,0.00009],[62589.59,0.01]],"asks":[[62594.01,4.75449],[62594.02,0.00034],[62594.03,0.00016],[62594.12,0.03984],[62594.33,0.004],[62595.2,0.01293],[62595.74,0.00817],[62595.75,0.11226],[62595.9,0.004],[62595.99,1.84226],[62596.0,3.07064],[62596.01,3.58923],[62596.68,0.02413],[62596.69,0.03216],[62596.7,0.00008],[62596.8,0.00008],[62597.14,0.01248],[62597.47,0.004],[62597.53,0.01724],[62597.61,0.03966]],"ts":1783947430.671491}}}}
{"ts":1783947430.677228,"kind":{"Ev":{"Book":{"token":"42002722231283064949990025250377131906324856843888551358189787777901391200968","top":{"bid":0.24,"bid_sz":18.0,"ask":0.25,"ask_sz":742.6}}}}}
{"ts":1783947430.677228,"kind":{"Ev":{"Book":{"token":"81070311957363419031383618887132362635505135777473622130673169806759619170848","top":{"bid":0.75,"bid_sz":742.6,"ask":0.76,"ask_sz":18.0}}}}}
{"ts":1783947430.770713,"kind":{"Ev":{"BinanceBook":{"bids":[[62594.0,0.09166],[62593.99,0.00063],[62593.94,0.00009],[62592.76,0.00009],[62592.1,0.00022],[62592.01,0.00018],[62592.0,0.02408],[62590.59,0.00018],[62590.58,0.10533],[62590.25,0.00009],[62590.02,0.00008],[62590.01,0.00018],[62590.0,0.024],[62589.92,0.0025],[62589.91,0.00017],[62589.76,0.00008],[62589.68,0.00028],[62589.67,0.00531],[62589.62,0.00009],[62589.59,0.01]],"asks":[[62594.01,4.75449],[62594.02,0.00034],[62594.03,0.00016],[62594.12,0.03984],[62594.33,0.004],[62595.2,0.01293],[62595.74,0.00817],[62595.75,0.11226],[62595.9,0.004],[62595.99,1.84226],[62596.0,3.07064],[62596.01,3.2705],[62596.68,0.02413],[62596.69,0.03216],[62596.7,0.00008],[62596.8,0.00008],[62597.14,0.01248],[62597.47,0.004],[62597.53,0.01724],[62597.61,0.03966]],"ts":1783947430.77061}}}}
{"ts":1783947430.870754,"kind":{"Ev":{"BinanceBook":{"bids":[[62594.0,0.09175],[62593.99,0.00063],[62593.94,0.00009],[62592.76,0.00009],[62592.1,0.00022],[62592.01,0.00018],[62592.0,0.02408],[62590.59,0.00018],[62590.58,0.10533],[62590.25,0.00009],[62590.02,0.00008],[62590.01,0.00018],[62590.0,0.024],[62589.92,0.0025],[62589.91,0.00017],[62589.76,0.00008],[62589.68,0.00028],[62589.67,0.00531],[62589.62,0.00009],[62589.59,0.01]],"asks":[[62594.01,5.28532],[62594.02,0.00034],[62594.03,0.00016],[62594.12,0.03984],[62594.33,0.004],[62595.2,0.01293],[62595.74,0.00817],[62595.75,0.11226],[62595.9,0.004],[62595.99,1.84226],[62596.0,3.07064],[62596.01,3.2705],[62596.68,0.02413],[62596.69,0.03216],[62596.7,0.00008],[62596.8,0.00008],[62597.14,0.01248],[62597.47,0.004],[62597.53,0.01724],[62597.61,0.03966]],"ts":1783947430.870697}}}}
{"ts":1783947430.905127,"kind":{"Ev":{"BinanceTrade":{"px":62594.01,"sz":0.0008,"is_buyer_maker":false,"ts":1783947430.947}}}}
{"ts":1783947430.970952,"kind":{"Ev":{"BinanceBook":{"bids":[[62594.0,0.09077],[62593.99,0.00063],[62593.94,0.00009],[62592.76,0.00009],[62592.1,0.00022],[62592.01,0.00018],[62592.0,0.02408],[62590.59,0.00018],[62590.58,0.10533],[62590.25,0.00009],[62590.02,0.00008],[62590.01,0.00018],[62590.0,0.024],[62589.92,0.0025],[62589.91,0.00017],[62589.76,0.00008],[62589.68,0.00028],[62589.67,0.00531],[62589.62,0.00009],[62589.59,0.01]],"asks":[[62594.01,5.28452],[62594.02,0.00034],[62594.03,0.00016],[62594.12,0.03984],[62594.33,0.004],[62595.2,0.01293],[62595.74,0.00817],[62595.75,0.11226],[62595.9,0.004],[62595.99,1.84226],[62596.0,3.07073],[62596.01,3.2705],[62596.68,0.02413],[62596.69,0.03216],[62596.7,0.00008],[62596.8,0.00008],[62597.14,0.01248],[62597.47,0.004],[62597.53,0.01724],[62597.61,0.03966]],"ts":1783947430.970817}}}}
{"ts":1783947431.019742,"kind":{"Ev":{"BinanceTrade":{"px":62594.0,"sz":0.00008,"is_buyer_maker":true,"ts":1783947431.062}}}}
{"ts":1783947431.070781,"kind":{"Ev":{"BinanceBook":{"bids":[[62594.0,0.09069],[62593.99,0.00063],[62593.94,0.00009],[62592.76,0.00009],[62592.1,0.00022],[62592.01,0.00018],[62592.0,0.02408],[62590.59,0.00018],[62590.58,0.10533],[62590.25,0.00009],[62590.02,0.00008],[62590.01,0.00018],[62590.0,0.024],[62589.92,0.0025],[62589.91,0.00017],[62589.76,0.00008],[62589.68,0.00028],[62589.67,0.00531],[62589.62,0.00009],[62589.59,0.01]],"asks":[[62594.01,5.28549],[62594.02,0.00034],[62594.03,0.00016],[62594.12,0.03984],[62594.33,0.004],[62595.2,0.01293],[62595.74,0.00817],[62595.75,0.11226],[62595.9,0.004],[62595.99,1.84226],[62596.0,3.07073],[62596.01,3.2705],[62596.68,0.02413],[62596.69,0.03216],[62596.7,0.00008],[62596.8,0.00008],[62597.14,0.01248],[62597.47,0.004],[62597.53,0.01724],[62597.61,0.03966]],"ts":1783947431.070699}}}}
{"ts":1783947431.08856,"kind":{"Ev":{"BinanceTrade":{"px":62594.01,"sz":0.0001,"is_buyer_maker":false,"ts":1783947431.129}}}}
{"ts":1783947431.132358,"kind":{"Ev":{"PriceTick":{"px":62539.314397685,"ts":1783947430.0}}}}
{"ts":1783947431.170583,"kind":{"Ev":{"BinanceBook":{"bids":[[62594.0,0.09069],[62593.99,0.00063],[62593.94,0.00009],[62592.76,0.00009],[62592.1,0.00022],[62592.01,0.00018],[62592.0,0.02408],[62590.59,0.00018],[62590.58,0.10533],[62590.25,0.00009],[62590.02,0.00008],[62590.01,0.00018],[62590.0,0.024],[62589.92,0.0025],[62589.91,0.00017],[62589.76,0.00008],[62589.68,0.00028],[62589.67,0.00531],[62589.62,0.00009],[62589.59,0.01]],"asks":[[62594.01,5.28539],[62594.02,0.00034],[62594.03,0.00016],[62594.12,0.03984],[62594.33,0.004],[62595.2,0.01293],[62595.74,0.00817],[62595.75,0.11226],[62595.9,0.004],[62595.99,1.84226],[62596.0,3.07073],[62596.01,3.2705],[62596.68,0.02413],[62596.69,0.03216],[62596.7,0.00008],[62596.8,0.00008],[62597.14,0.01248],[62597.47,0.004],[62597.53,0.01724],[62597.61,0.03966]],"ts":1783947431.170523}}}}
{"ts":1783947431.270577,"kind":{"Ev":{"BinanceBook":{"bids":[[62594.0,0.09085],[62593.99,0.00079],[62593.98,0.00016],[62593.94,0.00009],[62592.76,0.00009],[62592.1,0.00022],[62592.01,0.00018],[62592.0,0.02408],[62591.43,0.00018],[62591.42,0.09924],[62590.25,0.00009],[62590.02,0.00008],[62590.01,0.00018],[62590.0,0.024],[62589.92,0.0025],[62589.91,0.00017],[62589.76,0.00008],[62589.68,0.00028],[62589.67,0.00531],[62589.62,0.00009]],"asks":[[62594.01,5.45804],[62594.02,0.00034],[62594.03,0.00016],[62594.12,0.03984],[62594.33,0.004],[62595.2,0.01293],[62595.74,0.00817],[62595.75,0.11226],[62595.9,0.004],[62595.99,1.84226],[62596.0,3.07073],[62596.01,3.2705],[62596.68,0.02413],[62596.69,0.03216],[62596.7,0.00008],[62596.8,0.00008],[62597.14,0.01248],[62597.47,0.004],[62597.53,0.01724],[62597.61,0.03966]],"ts":1783947431.270521}}}}
{"ts":1783947431.370934,"kind":{"Ev":{"BinanceBook":{"bids":[[62594.0,0.09085],[62593.99,0.00079],[62593.98,0.00016],[62593.94,0.00009],[62592.76,0.00009],[62592.1,0.00022],[62592.01,0.00018],[62592.0,0.02408],[62591.43,0.00018],[62591.42,0.09924],[62590.25,0.00009],[62590.02,0.00008],[62590.01,0.00018],[62590.0,0.024],[62589.92,0.0025],[62589.91,0.00017],[62589.76,0.00008],[62589.68,0.00028],[62589.67,0.00531],[62589.62,0.00009]],"asks":[[62594.01,5.45804],[62594.02,0.00034],[62594.03,0.00016],[62594.12,0.03984],[62594.33,0.004],[62595.2,0.01293],[62595.74,0.00817],[62595.75,0.11226],[62595.9,0.004],[62595.99,1.84226],[62596.0,3.07073],[62596.01,3.2705],[62596.68,0.02413],[62596.69,0.03216],[62596.7,0.00008],[62596.8,0.00008],[62597.14,0.01248],[62597.47,0.004],[62597.53,0.01724],[62597.61,0.03966]],"ts":1783947431.370876}}}}
{"ts":1783947431.472212,"kind":{"Ev":{"BinanceBook":{"bids":[[62594.0,0.09085],[62593.99,0.00079],[62593.98,0.00016],[62593.94,0.00009],[62592.76,0.00009],[62592.1,0.00022],[62592.01,0.00018],[62592.0,0.02408],[62591.43,0.00018],[62591.42,0.09932],[62590.25,0.00009],[62590.02,0.00008],[62590.01,0.00018],[62590.0,0.024],[62589.92,0.0025],[62589.91,0.00017],[62589.76,0.00008],[62589.68,0.00028],[62589.67,0.00531],[62589.62,0.00009]],"asks":[[62594.01,5.45814],[62594.02,0.00034],[62594.03,0.00016],[62594.12,0.03984],[62594.33,0.004],[62595.2,0.01293],[62595.74,0.00817],[62595.75,0.11226],[62595.9,0.004],[62595.99,1.84226],[62596.0,3.07081],[62596.01,3.2705],[62596.68,0.02413],[62596.69,0.03216],[62596.7,0.00008],[62596.8,0.00008],[62597.14,0.01248],[62597.47,0.004],[62597.53,0.01724],[62597.61,0.03966]],"ts":1783947431.471652}}}}
{"ts":1783947431.57188,"kind":{"Ev":{"BinanceBook":{"bids":[[62594.0,0.09085],[62593.99,0.00079],[62593.98,0.00016],[62593.94,0.00009],[62592.76,0.00009],[62592.1,0.00022],[62592.01,0.00018],[62592.0,0.02408],[62591.43,0.00018],[62591.42,0.09932],[62590.25,0.00009],[62590.02,0.00008],[62590.01,0.00018],[62590.0,0.024],[62589.92,0.0025],[62589.91,0.00017],[62589.76,0.00008],[62589.68,0.00028],[62589.67,0.00531],[62589.62,0.00009]],"asks":[[62594.01,5.62097],[62594.02,0.00034],[62594.03,0.00016],[62594.12,0.03984],[62594.33,0.004],[62594.64,0.2445],[62595.2,0.01293],[62595.74,0.00817],[62595.75,0.11226],[62595.9,0.004],[62595.99,1.84226],[62596.0,3.07081],[62596.01,3.2705],[62596.68,0.02413],[62596.69,0.03216],[62596.7,0.00008],[62596.8,0.00008],[62597.14,0.01248],[62597.47,0.004],[62597.53,0.01724]],"ts":1783947431.571842}}}}
{"ts":1783947431.67056,"kind":{"Ev":{"BinanceBook":{"bids":[[62594.0,0.09085],[62593.99,0.00079],[62593.98,0.00016],[62593.94,0.00009],[62592.76,0.00009],[62592.1,0.00022],[62592.01,0.00018],[62592.0,0.02408],[62591.43,0.00018],[62591.42,0.09932],[62590.25,0.00009],[62590.02,0.00008],[62590.01,0.00018],[62590.0,0.024],[62589.92,0.0025],[62589.91,0.00017],[62589.76,0.00008],[62589.68,0.00028],[62589.67,0.00531],[62589.62,0.00009]],"asks":[[62594.01,5.62105],[62594.02,0.00034],[62594.03,0.00016],[62594.12,0.03984],[62594.33,0.004],[62594.64,0.24468],[62595.2,0.01293],[62595.74,0.00817],[62595.75,0.11226],[62595.9,0.004],[62595.99,1.84226],[62596.0,3.07081],[62596.01,3.2705],[62596.68,0.02395],[62596.69,0.03216],[62596.7,0.00008],[62596.8,0.00008],[62597.14,0.01248],[62597.47,0.004],[62597.53,0.01724]],"ts":1783947431.670505}}}}
{"ts":1783947431.770885,"kind":{"Ev":{"BinanceBook":{"bids":[[62594.0,0.09085],[62593.99,0.00079],[62593.98,0.00016],[62593.94,0.00009],[62592.76,0.00009],[62592.1,0.00022],[62592.01,0.00018],[62592.0,0.02408],[62591.43,0.00018],[62591.42,0.09932],[62590.25,0.00009],[62590.02,0.00008],[62590.01,0.00018],[62590.0,0.024],[62589.92,0.0025],[62589.91,0.00017],[62589.76,0.00008],[62589.68,0.00028],[62589.67,0.00531],[62589.62,0.00009]],"asks":[[62594.01,5.62105],[62594.02,0.00034],[62594.03,0.00016],[62594.12,0.03984],[62594.33,0.004],[62594.64,0.24468],[62595.2,0.01293],[62595.74,0.00817],[62595.75,0.11226],[62595.9,0.004],[62595.99,1.84226],[62596.0,3.07081],[62596.01,3.2705],[62596.68,0.02395],[62596.69,0.03216],[62596.7,0.00008],[62596.8,0.00008],[62597.14,0.01248],[62597.47,0.004],[62597.53,0.01724]],"ts":1783947431.770799}}}}
{"ts":1783947431.850861,"kind":{"Ev":{"Book":{"token":"42002722231283064949990025250377131906324856843888551358189787777901391200968","top":{"bid":0.24,"bid_sz":66.44,"ask":0.25,"ask_sz":728.6}}}}}
{"ts":1783947431.850861,"kind":{"Ev":{"Book":{"token":"81070311957363419031383618887132362635505135777473622130673169806759619170848","top":{"bid":0.75,"bid_sz":728.6,"ask":0.76,"ask_sz":66.44}}}}}
{"ts":1783947431.870542,"kind":{"Ev":{"BinanceBook":{"bids":[[62594.0,0.09085],[62593.99,0.00079],[62593.98,0.00016],[62593.94,0.00009],[62592.76,0.00009],[62592.1,0.00022],[62592.01,0.00018],[62592.0,0.02408],[62591.42,0.00008],[62590.25,0.00009],[62590.02,0.00008],[62590.01,0.00018],[62590.0,0.024],[62589.92,0.0025],[62589.91,0.00017],[62589.76,0.00008],[62589.68,0.00028],[62589.67,0.00531],[62589.62,0.00009],[62589.59,0.01]],"asks":[[62594.01,5.62105],[62594.02,0.00034],[62594.03,0.00016],[62594.12,0.03984],[62594.33,0.004],[62594.64,0.24468],[62595.2,0.01293],[62595.74,0.00817],[62595.75,0.11226],[62595.9,0.004],[62595.99,1.84226],[62596.0,3.07081],[62596.01,3.2705],[62596.68,0.02395],[62596.69,0.03216],[62596.7,0.00008],[62596.8,0.00008],[62597.14,0.01248],[62597.47,0.004],[62597.53,0.01724]],"ts":1783947431.870483}}}}
{"ts":1783947431.970806,"kind":{"Ev":{"BinanceBook":{"bids":[[62594.0,0.09245],[62593.99,0.00079],[62593.98,0.00016],[62593.94,0.00009],[62592.76,0.00009],[62592.1,0.00022],[62592.01,0.00018],[62592.0,0.02408],[62591.42,0.00008],[62590.25,0.00009],[62590.02,0.00008],[62590.01,0.00018],[62590.0,0.024],[62589.92,0.0025],[62589.91,0.00017],[62589.76,0.00008],[62589.68,0.00028],[62589.67,0.00531],[62589.62,0.00009],[62589.59,0.01]],"asks":[[62594.01,5.62022],[62594.02,0.00034],[62594.03,0.00016],[62594.12,0.03984],[62594.33,0.004],[62594.64,0.24468],[62595.2,0.01293],[62595.74,0.00817],[62595.75,0.11226],[62595.9,0.004],[62595.99,1.84226],[62596.0,3.07081],[62596.01,3.2705],[62596.68,0.02395],[62596.69,0.03216],[62596.7,0.00008],[62596.8,0.00008],[62597.14,0.01248],[62597.47,0.004],[62597.53,0.01724]],"ts":1783947431.970709}}}}
{"ts":1783947432.07085,"kind":{"Ev":{"BinanceBook":{"bids":[[62594.0,0.09245],[62593.99,0.00079],[62593.98,0.00016],[62593.94,0.00009],[62592.76,0.00009],[62592.1,0.00022],[62592.01,0.00018],[62592.0,0.02408],[62591.42,0.00008],[62590.25,0.00009],[62590.02,0.00008],[62590.01,0.00018],[62590.0,0.024],[62589.92,0.0025],[62589.91,0.00017],[62589.76,0.00008],[62589.68,0.00028],[62589.67,0.00531],[62589.62,0.00009],[62589.59,0.01]],"asks":[[62594.01,5.62122],[62594.02,0.00034],[62594.03,0.00016],[62594.12,0.03984],[62594.33,0.004],[62594.64,0.24468],[62595.19,0.00009],[62595.2,0.01293],[62595.74,0.00817],[62595.75,0.11226],[62595.9,0.004],[62595.99,1.84226],[62596.0,3.07081],[62596.01,3.2705],[62596.68,0.02395],[62596.69,0.03216],[62596.7,0.00008],[62596.8,0.00008],[62597.14,0.01248],[62597.47,0.004]],"ts":1783947432.070763}}}}
{"ts":1783947432.170745,"kind":{"Ev":{"BinanceBook":{"bids":[[62594.0,0.09262],[62593.99,0.00079],[62593.98,0.00016],[62593.94,0.00009],[62592.76,0.00009],[62592.1,0.00022],[62592.01,0.00018],[62592.0,0.02408],[62591.42,0.00008],[62590.25,0.00009],[62590.02,0.00008],[62590.01,0.00018],[62590.0,0.024],[62589.92,0.0025],[62589.91,0.00017],[62589.76,0.00008],[62589.68,0.00028],[62589.67,0.00531],[62589.62,0.00009],[62589.59,0.01]],"asks":[[62594.01,5.62122],[62594.02,0.00034],[62594.03,0.00016],[62594.12,0.03984],[62594.33,0.004],[62594.64,0.24468],[62595.19,0.00009],[62595.2,0.01293],[62595.74,0.00817],[62595.75,0.11226],[62595.9,0.004],[62595.99,1.84226],[62596.0,3.07081],[62596.01,3.2705],[62596.68,0.02395],[62596.69,0.03216],[62596.7,0.00008],[62596.8,0.00008],[62597.14,0.01248],[62597.47,0.004]],"ts":1783947432.170654}}}}
{"ts":1783947432.238429,"kind":{"Ev":{"BinanceTrade":{"px":62594.0,"sz":0.00012,"is_buyer_maker":true,"ts":1783947432.281}}}}
{"ts":1783947432.271548,"kind":{"Ev":{"BinanceBook":{"bids":[[62594.0,0.0925],[62593.99,0.00088],[62593.98,0.00016],[62593.94,0.00009],[62592.76,0.00009],[62592.1,0.00022],[62592.01,0.00018],[62592.0,0.02408],[62591.42,0.00008],[62590.25,0.00009],[62590.02,0.00008],[62590.01,0.00018],[62590.0,0.024],[62589.92,0.0025],[62589.91,0.00017],[62589.76,0.00008],[62589.68,0.00028],[62589.67,0.00531],[62589.62,0.00009],[62589.59,0.01]],"asks":[[62594.01,5.62122],[62594.02,0.00034],[62594.03,0.00016],[62594.12,0.03984],[62594.33,0.004],[62594.64,0.24468],[62595.19,0.00009],[62595.2,0.01293],[62595.74,0.00817],[62595.75,0.11226],[62595.9,0.004],[62595.99,1.84226],[62596.0,3.07081],[62596.01,3.2705],[62596.68,0.02395],[62596.69,0.03216],[62596.7,0.00008],[62596.8,0.00008],[62597.14,0.01248],[62597.47,0.004]],"ts":1783947432.271459}}}}
{"ts":1783947432.298923,"kind":{"Ev":{"PriceTick":{"px":62538.2796953313,"ts":1783947431.0}}}}
{"ts":1783947432.370489,"kind":{"Ev":{"BinanceBook":{"bids":[[62594.0,0.0925],[62593.99,0.00088],[62593.98,0.00016],[62593.94,0.00009],[62592.76,0.00009],[62592.1,0.00022],[62592.01,0.00018],[62592.0,0.02408],[62591.42,0.00008],[62590.25,0.00009],[62590.02,0.00008],[62590.01,0.00018],[62590.0,0.024],[62589.99,0.0947],[62589.92,0.0025],[62589.91,0.00017],[62589.76,0.00008],[62589.68,0.00028],[62589.67,0.00531],[62589.62,0.00009]],"asks":[[62594.01,5.62122],[62594.02,0.00034],[62594.03,0.00016],[62594.12,0.03984],[62594.33,0.004],[62594.64,0.24468],[62595.19,0.00009],[62595.2,0.01293],[62595.74,0.00817],[62595.75,0.11226],[62595.9,0.004],[62595.99,1.84226],[62596.0,3.07081],[62596.01,3.2705],[62596.68,0.02395],[62596.69,0.03216],[62596.7,0.00008],[62596.8,0.00008],[62597.14,0.01248],[62597.47,0.004]],"ts":1783947432.370459}}}}
{"ts":1783947432.419136,"kind":{"Ev":{"BinanceTrade":{"px":62594.01,"sz":0.00014,"is_buyer_maker":false,"ts":1783947432.462}}}}
{"ts":1783947432.473804,"kind":{"Ev":{"BinanceBook":{"bids":[[62594.0,0.0925],[62593.99,0.00088],[62593.98,0.00016],[62593.94,0.00009],[62592.76,0.00009],[62592.1,0.00022],[62592.01,0.00018],[62592.0,0.02408],[62591.42,0.00008],[62590.25,0.00009],[62590.02,0.00008],[62590.01,0.00018],[62590.0,0.02418],[62589.99,0.0947],[62589.92,0.0025],[62589.91,0.00017],[62589.76,0.00008],[62589.68,0.00028],[62589.67,0.00531],[62589.62,0.00009]],"asks":[[62594.01,5.62108],[62594.02,0.00034],[62594.03,0.00016],[62594.12,0.03984],[62594.33,0.004],[62594.64,0.24468],[62595.19,0.00009],[62595.2,0.01293],[62595.74,0.00817],[62595.75,0.11226],[62595.9,0.004],[62595.99,1.84226],[62596.0,3.07081],[62596.01,3.2705],[62596.68,0.02395],[62596.69,0.03216],[62596.7,0.00008],[62596.8,0.00008],[62597.14,0.01248],[62597.47,0.004]],"ts":1783947432.473226}}}}
{"ts":1783947432.51906,"kind":{"Ev":{"BinanceTrade":{"px":62594.0,"sz":0.00009,"is_buyer_maker":true,"ts":1783947432.562}}}}
{"ts":1783947432.544949,"kind":{"Ev":{"BinanceTrade":{"px":62594.0,"sz":0.0001,"is_buyer_maker":true,"ts":1783947432.586}}}}
{"ts":1783947432.572942,"kind":{"Ev":{"BinanceBook":{"bids":[[62594.0,0.09231],[62593.99,0.00088],[62593.98,0.00016],[62593.94,0.00009],[62592.76,0.00009],[62592.1,0.00022],[62592.01,0.00018],[62592.0,0.02408],[62591.42,0.00008],[62590.25,0.00009],[62590.02,0.00008],[62590.01,0.00018],[62590.0,0.02418],[62589.99,0.0947],[62589.92,0.0025],[62589.91,0.00017],[62589.76,0.00008],[62589.68,0.00028],[62589.67,0.00531],[62589.62,0.00009]],"asks":[[62594.01,5.62108],[62594.02,0.00034],[62594.03,0.00016],[62594.12,0.03984],[62594.33,0.004],[62594.64,0.24468],[62595.19,0.00009],[62595.2,0.01293],[62595.74,0.00817],[62595.75,0.11226],[62595.9,0.004],[62595.99,1.84226],[62596.0,3.07081],[62596.01,3.2705],[62596.68,0.02395],[62596.69,0.03216],[62596.7,0.00008],[62596.8,0.00008],[62597.14,0.01248],[62597.47,0.004]],"ts":1783947432.572466}}}}
{"ts":1783947432.670545,"kind":{"Ev":{"BinanceBook":{"bids":[[62594.0,0.09231],[62593.99,0.00088],[62593.98,0.00016],[62593.94,0.00009],[62592.76,0.00009],[62592.1,0.00022],[62592.01,0.00018],[62592.0,0.02408],[62591.42,0.00008],[62590.25,0.00009],[62590.02,0.00008],[62590.01,0.00018],[62590.0,0.02418],[62589.99,0.0947],[62589.92,0.0025],[62589.91,0.00017],[62589.76,0.00008],[62589.68,0.00028],[62589.67,0.00531],[62589.62,0.00009]],"asks":[[62594.01,5.62108],[62594.02,0.00034],[62594.03,0.00016],[62594.12,0.03984],[62594.33,0.004],[62594.64,0.24468],[62595.19,0.00009],[62595.2,0.01293],[62595.74,0.00817],[62595.75,0.11226],[62595.9,0.004],[62595.99,1.84226],[62596.0,3.07102],[62596.01,3.2705],[62596.68,0.02395],[62596.69,0.03216],[62596.7,0.00008],[62596.8,0.00008],[62597.14,0.01248],[62597.47,0.004]],"ts":1783947432.670304}}}}
{"ts":1783947432.73053,"kind":{"Ev":{"BinanceTrade":{"px":62594.01,"sz":0.00009,"is_buyer_maker":false,"ts":1783947432.772}}}}
{"ts":1783947432.771487,"kind":{"Ev":{"BinanceBook":{"bids":[[62594.0,0.09231],[62593.99,0.00088],[62593.98,0.00016],[62593.94,0.00009],[62592.76,0.00009],[62592.1,0.00022],[62592.01,0.00018],[62592.0,0.02408],[62591.42,0.00008],[62591.0,0.00018],[62590.99,0.10351],[62590.25,0.00009],[62590.02,0.00008],[62590.01,0.00018],[62590.0,0.024],[62589.92,0.0025],[62589.91,0.00017],[62589.76,0.00008],[62589.68,0.00028],[62589.67,0.00531]],"asks":[[62594.01,5.62099],[62594.02,0.00034],[62594.03,0.00016],[62594.12,0.03984],[62594.33,0.004],[62594.64,0.24468],[62595.19,0.00009],[62595.2,0.01293],[62595.74,0.00817],[62595.75,0.11226],[62595.9,0.004],[62595.99,1.84226],[62596.0,3.07102],[62596.01,3.2705],[62596.68,0.02395],[62596.69,0.03216],[62596.7,0.00008],[62596.8,0.00008],[62597.14,0.01248],[62597.47,0.004]],"ts":1783947432.771405}}}}
{"ts":1783947432.799341,"kind":{"Ev":{"BinanceTrade":{"px":62594.0,"sz":0.00014,"is_buyer_maker":true,"ts":1783947432.842}}}}
{"ts":1783947432.823333,"kind":{"Ev":{"Book":{"token":"42002722231283064949990025250377131906324856843888551358189787777901391200968","top":{"bid":0.24,"bid_sz":33.45,"ask":0.25,"ask_sz":696.6}}}}}
{"ts":1783947432.823333,"kind":{"Ev":{"Book":{"token":"81070311957363419031383618887132362635505135777473622130673169806759619170848","top":{"bid":0.75,"bid_sz":696.6,"ask":0.76,"ask_sz":33.45}}}}}
{"ts":1783947432.870432,"kind":{"Ev":{"BinanceBook":{"bids":[[62594.0,0.09217],[62593.99,0.00088],[62593.98,0.00016],[62593.94,0.00009],[62592.76,0.00009],[62592.1,0.00022],[62592.01,0.00018],[62592.0,0.02408],[62591.42,0.00008],[62591.0,0.00018],[62590.99,0.10351],[62590.25,0.00009],[62590.02,0.00008],[62590.01,0.00018],[62590.0,0.024],[62589.92,0.0025],[62589.91,0.00017],[62589.76,0.00008],[62589.68,0.00028],[62589.67,0.00531]],"asks":[[62594.01,5.62099],[62594.02,0.00034],[62594.03,0.00016],[62594.12,0.03984],[62594.33,0.004],[62594.64,0.24468],[62595.19,0.00009],[62595.2,0.01293],[62595.74,0.00817],[62595.75,0.11226],[62595.9,0.004],[62595.99,1.84226],[62596.0,3.07102],[62596.01,3.2705],[62596.68,0.02395],[62596.69,0.03216],[62596.7,0.00008],[62596.8,0.00008],[62597.14,0.01248],[62597.47,0.004]],"ts":1783947432.870377}}}}
{"ts":1783947432.971003,"kind":{"Ev":{"BinanceBook":{"bids":[[62594.0,0.09217],[62593.99,0.00088],[62593.98,0.00016],[62593.94,0.00009],[62592.76,0.00009],[62592.1,0.00022],[62592.01,0.00018],[62592.0,0.02408],[62591.42,0.00008],[62591.0,0.00018],[62590.99,0.10351],[62590.25,0.00009],[62590.02,0.00008],[62590.01,0.00018],[62590.0,0.024],[62589.92,0.0025],[62589.91,0.00017],[62589.76,0.00008],[62589.68,0.00028],[62589.67,0.00531]],"asks":[[62594.01,5.62099],[62594.02,0.00034],[62594.03,0.00016],[62594.12,0.03984],[62594.33,0.004],[62594.64,0.24468],[62595.19,0.00009],[62595.2,0.01293],[62595.74,0.00817],[62595.75,0.11226],[62595.9,0.004],[62595.99,1.84226],[62596.0,3.07102],[62596.01,3.2705],[62596.68,0.02395],[62596.69,0.03216],[62596.7,0.00008],[62596.8,0.00008],[62597.14,0.01248],[62597.47,0.004]],"ts":1783947432.970904}}}}
{"ts":1783947433.070874,"kind":{"Ev":{"BinanceBook":{"bids":[[62594.0,0.09217],[62593.99,0.00088],[62593.98,0.00016],[62593.94,0.00009],[62592.76,0.00009],[62592.1,0.00022],[62592.01,0.00018],[62592.0,0.02408],[62591.42,0.00008],[62591.0,0.00018],[62590.99,0.10351],[62590.25,0.00009],[62590.02,0.00008],[62590.01,0.00018],[62590.0,0.024],[62589.92,0.0025],[62589.91,0.00017],[62589.76,0.00008],[62589.68,0.00028],[62589.67,0.00531]],"asks":[[62594.01,5.62099],[62594.02,0.00034],[62594.03,0.00016],[62594.12,0.03984],[62594.33,0.004],[62594.64,0.24468],[62595.19,0.00009],[62595.2,0.01293],[62595.74,0.00817],[62595.75,0.11226],[62595.9,0.004],[62595.99,1.84226],[62596.0,3.07126],[62596.01,3.2705],[62596.68,0.02395],[62596.69,0.03216],[62596.7,0.00008],[62596.8,0.00008],[62597.14,0.01248],[62597.47,0.004]],"ts":1783947433.07081}}}}
{"ts":1783947433.170719,"kind":{"Ev":{"BinanceBook":{"bids":[[62594.0,0.09217],[62593.99,0.00088],[62593.98,0.00016],[62593.94,0.00009],[62592.76,0.00009],[62592.1,0.00022],[62592.01,0.00018],[62592.0,0.02408],[62591.42,0.00008],[62591.0,0.00018],[62590.99,0.10351],[62590.25,0.00009],[62590.02,0.00008],[62590.01,0.00018],[62590.0,0.024],[62589.92,0.0025],[62589.91,0.00017],[62589.76,0.00008],[62589.68,0.00028],[62589.67,0.00531]],"asks":[[62594.01,5.62099],[62594.02,0.00034],[62594.03,0.00016],[62594.12,0.03984],[62594.33,0.004],[62594.64,0.24468],[62595.19,0.00009],[62595.2,0.01293],[62595.74,0.00817],[62595.75,0.11226],[62595.9,0.004],[62595.99,1.84226],[62596.0,3.07126],[62596.01,3.2705],[62596.68,0.02395],[62596.69,0.03216],[62596.7,0.00008],[62596.8,0.00008],[62597.14,0.01248],[62597.47,0.004]],"ts":1783947433.170631}}}}
{"ts":1783947433.258139,"kind":{"Ev":{"PriceTick":{"px":62537.8586453313,"ts":1783947432.0}}}}
{"ts":1783947433.270551,"kind":{"Ev":{"BinanceBook":{"bids":[[62594.0,0.09217],[62593.99,0.00088],[62593.98,0.00016],[62593.94,0.00009],[62592.76,0.00009],[62592.1,0.00022],[62592.01,0.00018],[62592.0,0.02408],[62591.42,0.00008],[62591.0,0.00018],[62590.99,0.10351],[62590.25,0.00009],[62590.02,0.00008],[62590.01,0.00018],[62590.0,0.024],[62589.92,0.0025],[62589.91,0.00017],[62589.76,0.00008],[62589.68,0.00028],[62589.67,0.00531]],"asks":[[62594.01,5.62099],[62594.02,0.00034],[62594.03,0.00016],[62594.12,0.03984],[62594.33,0.004],[62594.64,0.24468],[62595.19,0.00009],[62595.2,0.01293],[62595.74,0.00817],[62595.75,0.11226],[62595.9,0.004],[62595.99,1.84226],[62596.0,3.07126],[62596.01,3.2705],[62596.68,0.02395],[62596.69,0.03216],[62596.7,0.00008],[62596.8,0.00008],[62597.14,0.01248],[62597.47,0.004]],"ts":1783947433.270476}}}}
{"ts":1783947433.304862,"kind":{"Ev":{"BinanceTrade":{"px":62594.01,"sz":0.00008,"is_buyer_maker":false,"ts":1783947433.344}}}}
{"ts":1783947433.37091,"kind":{"Ev":{"BinanceBook":{"bids":[[62594.0,0.09217],[62593.99,0.00088],[62593.98,0.00016],[62593.94,0.00009],[62592.76,0.00009],[62592.1,0.00022],[62592.01,0.00018],[62592.0,0.02408],[62591.42,0.00008],[62591.0,0.00018],[62590.99,0.10351],[62590.25,0.00009],[62590.02,0.00008],[62590.01,0.00018],[62590.0,0.024],[62589.92,0.0025],[62589.91,0.00017],[62589.76,0.00008],[62589.68,0.00028],[62589.67,0.00531]],"asks":[[62594.01,5.62091],[62594.02,0.00034],[62594.03,0.00016],[62594.12,0.03984],[62594.33,0.004],[62594.64,0.24468],[62595.19,0.00009],[62595.2,0.01293],[62595.74,0.00817],[62595.75,0.11226],[62595.9,0.004],[62595.99,1.84226],[62596.0,3.07126],[62596.01,3.2705],[62596.68,0.02395],[62596.69,0.03216],[62596.7,0.00008],[62596.8,0.00008],[62597.14,0.01248],[62597.47,0.004]],"ts":1783947433.370823}}}}
{"ts":1783947433.467704,"kind":{"Ev":{"BinanceTrade":{"px":62594.01,"sz":0.00009,"is_buyer_maker":false,"ts":1783947433.51}}}}
{"ts":1783947433.47061,"kind":{"Ev":{"BinanceBook":{"bids":[[62594.0,0.09217],[62593.99,0.00088],[62593.98,0.00016],[62593.94,0.00009],[62592.76,0.00009],[62592.1,0.00022],[62592.01,0.00018],[62592.0,0.02408],[62591.42,0.00008],[62591.0,0.00018],[62590.99,0.10351],[62590.25,0.00009],[62590.02,0.00008],[62590.01,0.00018],[62590.0,0.024],[62589.92,0.0025],[62589.91,0.00017],[62589.76,0.00008],[62589.68,0.00028],[62589.67,0.00531]],"asks":[[62594.01,5.62082],[62594.02,0.00034],[62594.03,0.00016],[62594.12,0.03984],[62594.33,0.004],[62594.64,0.24468],[62595.19,0.00009],[62595.2,0.01293],[62595.74,0.00817],[62595.75,0.11226],[62595.9,0.004],[62595.99,1.84226],[62596.0,3.07126],[62596.01,3.2705],[62596.68,0.02395],[62596.69,0.03216],[62596.7,0.00008],[62596.8,0.00008],[62597.14,0.01248],[62597.47,0.004]],"ts":1783947433.470557}}}}
{"ts":1783947433.570827,"kind":{"Ev":{"BinanceBook":{"bids":[[62594.0,0.09217],[62593.99,0.00088],[62593.98,0.00016],[62593.94,0.00009],[62592.76,0.00009],[62592.1,0.00022],[62592.01,0.00018],[62592.0,0.02408],[62591.42,0.00008],[62591.0,0.00018],[62590.99,0.10351],[62590.25,0.00009],[62590.02,0.00008],[62590.01,0.00018],[62590.0,0.024],[62589.92,0.0025],[62589.91,0.00017],[62589.76,0.00008],[62589.68,0.00028],[62589.67,0.00531]],"asks":[[62594.01,5.62082],[62594.02,0.00034],[62594.03,0.00016],[62594.12,0.03984],[62594.33,0.004],[62594.64,0.24468],[62595.19,0.00009],[62595.2,0.01293],[62595.74,0.00817],[62595.75,0.11226],[62595.9,0.004],[62595.99,1.84226],[62596.0,3.07126],[62596.01,3.2705],[62596.68,0.02395],[62596.69,0.03216],[62596.7,0.00008],[62596.8,0.00008],[62597.14,0.01248],[62597.47,0.004]],"ts":1783947433.570733}}}}
{"ts":1783947433.671483,"kind":{"Ev":{"BinanceBook":{"bids":[[62594.0,0.09217],[62593.99,0.00088],[62593.98,0.00016],[62593.94,0.00009],[62592.76,0.00009],[62592.1,0.00022],[62592.01,0.00018],[62592.0,0.02408],[62591.42,0.00008],[62591.0,0.00018],[62590.99,0.10351],[62590.25,0.00009],[62590.02,0.00008],[62590.01,0.00018],[62590.0,0.024],[62589.92,0.0025],[62589.91,0.00017],[62589.76,0.00008],[62589.68,0.00028],[62589.67,0.00531]],"asks":[[62594.01,5.61985],[62594.02,0.00034],[62594.03,0.00016],[62594.12,0.03984],[62594.33,0.004],[62594.64,0.24468],[62595.19,0.00009],[62595.2,0.01293],[62595.74,0.00817],[62595.75,0.11226],[62595.9,0.004],[62595.99,1.84226],[62596.0,3.07126],[62596.01,3.2705],[62596.68,0.02395],[62596.69,0.03216],[62596.7,0.00008],[62596.8,0.00008],[62597.14,0.01248],[62597.47,0.004]],"ts":1783947433.671336}}}}
{"ts":1783947433.771786,"kind":{"Ev":{"BinanceBook":{"bids":[[62594.0,0.09314],[62593.99,0.00088],[62593.98,0.00016],[62593.94,0.00009],[62592.76,0.00009],[62592.1,0.00022],[62592.01,0.00018],[62592.0,0.02408],[62591.42,0.00008],[62591.0,0.00018],[62590.99,0.10351],[62590.25,0.00009],[62590.02,0.00008],[62590.01,0.00018],[62590.0,0.034],[62589.92,0.0025],[62589.91,0.00017],[62589.76,0.00008],[62589.68,0.00028],[62589.67,0.00531]],"asks":[[62594.01,5.61985],[62594.02,0.00034],[62594.03,0.00016],[62594.12,0.03984],[62594.33,0.004],[62594.64,0.24468],[62595.19,0.00009],[62595.2,0.01293],[62595.74,0.00817],[62595.75,0.11226],[62595.9,0.004],[62595.99,1.84226],[62596.0,3.07126],[62596.01,3.2705],[62596.68,0.02395],[62596.69,0.03216],[62596.7,0.00008],[62596.8,0.00008],[62597.14,0.01248],[62597.47,0.004]],"ts":1783947433.771447}}}}
{"ts":1783947433.871677,"kind":{"Ev":{"BinanceBook":{"bids":[[62594.0,0.09314],[62593.99,0.00088],[62593.98,0.00016],[62593.94,0.00009],[62592.76,0.00009],[62592.1,0.00022],[62592.01,0.00018],[62592.0,0.02408],[62591.42,0.00008],[62591.0,0.00018],[62590.99,0.10351],[62590.25,0.00009],[62590.02,0.00008],[62590.01,0.00018],[62590.0,0.034],[62589.92,0.0025],[62589.91,0.00017],[62589.76,0.00008],[62589.68,0.00028],[62589.67,0.00531]],"asks":[[62594.01,5.61985],[62594.02,0.00034],[62594.03,0.00016],[62594.12,0.03984],[62594.33,0.004],[62594.64,0.24468],[62595.19,0.00009],[62595.2,0.01293],[62595.74,0.00817],[62595.75,0.11226],[62595.9,0.004],[62595.99,1.84226],[62596.0,3.07126],[62596.01,3.2705],[62596.68,0.02395],[62596.69,0.03216],[62596.7,0.00008],[62596.8,0.00008],[62597.14,0.01248],[62597.47,0.004]],"ts":1783947433.871614}}}}
{"ts":1783947433.971374,"kind":{"Ev":{"BinanceBook":{"bids":[[62594.0,0.09314],[62593.99,0.00088],[62593.98,0.00016],[62593.94,0.00009],[62592.76,0.00009],[62592.1,0.00022],[62592.01,0.00018],[62592.0,0.02408],[62591.42,0.00008],[62591.0,0.00018],[62590.99,0.10351],[62590.25,0.00009],[62590.02,0.00008],[62590.01,0.00018],[62590.0,0.034],[62589.92,0.0025],[62589.91,0.00017],[62589.76,0.00008],[62589.68,0.00028],[62589.67,0.00531]],"asks":[[62594.01,5.61885],[62594.02,0.00034],[62594.03,0.00016],[62594.12,0.03984],[62594.33,0.004],[62594.64,0.24468],[62595.19,0.00009],[62595.2,0.01293],[62595.74,0.00817],[62595.75,0.11226],[62595.9,0.004],[62595.99,1.84226],[62596.0,3.07126],[62596.01,3.2705],[62596.68,0.02395],[62596.69,0.03216],[62596.7,0.00008],[62596.8,0.00008],[62597.14,0.01248],[62597.47,0.004]],"ts":1783947433.971272}}}}
{"ts":1783947434.070669,"kind":{"Ev":{"BinanceBook":{"bids":[[62594.0,0.09306],[62593.99,0.00088],[62593.98,0.00016],[62593.94,0.00009],[62592.76,0.00009],[62592.1,0.00022],[62592.01,0.00018],[62592.0,0.02408],[62591.42,0.00008],[62590.25,0.00009],[62590.02,0.00008],[62590.01,0.00018],[62590.0,0.034],[62589.92,0.0025],[62589.91,0.00017],[62589.76,0.00008],[62589.68,0.00028],[62589.67,0.00531],[62589.62,0.00009],[62589.59,0.01]],"asks":[[62594.01,5.61885],[62594.02,0.00034],[62594.03,0.00016],[62594.12,0.03984],[62594.33,0.004],[62594.64,0.24468],[62595.19,0.00009],[62595.2,0.01293],[62595.74,0.00817],[62595.75,0.11226],[62595.9,0.004],[62595.99,1.84226],[62596.0,3.07126],[62596.01,3.2705],[62596.68,0.02395],[62596.69,0.03216],[62596.7,0.00008],[62596.8,0.00008],[62597.14,0.01248],[62597.47,0.004]],"ts":1783947434.070533}}}}
{"ts":1783947434.160948,"kind":{"Ev":{"PriceTick":{"px":62537.8241903313,"ts":1783947433.0}}}}
{"ts":1783947434.170991,"kind":{"Ev":{"BinanceBook":{"bids":[[62594.0,0.09297],[62593.99,0.00079],[62593.98,0.00016],[62593.94,0.00009],[62592.76,0.00009],[62592.1,0.00022],[62592.01,0.00018],[62592.0,0.02408],[62591.42,0.00008],[62590.25,0.00009],[62590.02,0.00008],[62590.01,0.00018],[62590.0,0.034],[62589.92,0.0025],[62589.91,0.00017],[62589.76,0.00008],[62589.68,0.00028],[62589.67,0.00531],[62589.62,0.00009],[62589.59,0.01]],"asks":[[62594.01,5.61985],[62594.02,0.00034],[62594.03,0.00016],[62594.12,0.03984],[62594.33,0.004],[62594.64,0.24468],[62595.19,0.00009],[62595.2,0.00026],[62595.74,0.00817],[62595.75,0.11226],[62595.9,0.004],[62595.99,1.84226],[62596.0,3.07126],[62596.01,3.2705],[62596.68,0.02395],[62596.69,0.03216],[62596.7,0.00008],[62596.8,0.00008],[62597.14,0.01248],[62597.47,0.004]],"ts":1783947434.17096}}}}
{"ts":1783947434.234959,"kind":{"Ev":{"BinanceTrade":{"px":62594.0,"sz":0.00009,"is_buyer_maker":true,"ts":1783947434.278}}}}
{"ts":1783947434.27105,"kind":{"Ev":{"BinanceBook":{"bids":[[62594.0,0.09288],[62593.99,0.00079],[62593.98,0.00016],[62593.94,0.00009],[62592.76,0.00009],[62592.1,0.00022],[62592.01,0.00018],[62592.0,0.02408],[62591.42,0.00008],[62590.25,0.00009],[62590.02,0.00008],[62590.01,0.00018],[62590.0,0.034],[62589.92,0.0025],[62589.91,0.00017],[62589.76,0.00008],[62589.68,0.00028],[62589.67,0.00531],[62589.62,0.00009],[62589.59,0.01]],"asks":[[62594.01,8.81496],[62594.02,0.00034],[62594.03,0.00016],[62594.12,0.03984],[62594.33,0.004],[62594.64,0.24468],[62595.19,0.00009],[62595.2,0.00008],[62595.26,0.01247],[62595.74,0.00817],[62595.75,0.11226],[62595.9,0.004],[62595.99,1.84226],[62596.0,3.07126],[62596.01,3.2705],[62596.68,0.02413],[62596.69,0.03216],[62596.7,0.00008],[62596.8,0.00008],[62597.14,0.01248]],"ts":1783947434.270971}}}}
{"ts":1783947434.370797,"kind":{"Ev":{"BinanceBook":{"bids":[[62594.0,0.09305],[62593.99,0.00079],[62593.98,0.00016],[62593.94,0.00009],[62592.76,0.00009],[62592.1,0.00022],[62592.01,0.00018],[62592.0,0.02408],[62591.42,0.00008],[62590.25,0.00009],[62590.02,0.00008],[62590.01,0.00018],[62590.0,0.034],[62589.92,0.0025],[62589.91,0.00017],[62589.76,0.00008],[62589.68,0.00028],[62589.67,0.00531],[62589.62,0.00009],[62589.59,0.01]],"asks":[[62594.01,8.81513],[62594.02,0.00034],[62594.03,0.00016],[62594.12,0.03984],[62594.33,0.004],[62594.64,0.24468],[62595.18,0.00799],[62595.19,0.00009],[62595.2,0.00008],[62595.26,0.01265],[62595.74,0.00018],[62595.75,0.11226],[62595.9,0.004],[62595.99,1.84226],[62596.0,3.07126],[62596.01,3.2705],[62596.68,0.02395],[62596.69,0.03216],[62596.7,0.00008],[62596.8,0.00008]],"ts":1783947434.37071}}}}
{"ts":1783947434.470787,"kind":{"Ev":{"BinanceBook":{"bids":[[62594.0,0.09288],[62593.99,0.00079],[62593.98,0.00016],[62593.94,0.00009],[62592.76,0.00009],[62592.1,0.00022],[62592.01,0.00018],[62592.0,0.02408],[62591.42,0.00008],[62590.25,0.00009],[62590.02,0.00008],[62590.01,0.00018],[62590.0,0.034],[62589.92,0.0025],[62589.91,0.00017],[62589.76,0.00008],[62589.68,0.00028],[62589.67,0.00531],[62589.62,0.00009],[62589.59,0.01]],"asks":[[62594.01,8.83513],[62594.02,0.00034],[62594.03,0.00016],[62594.12,0.03984],[62594.33,0.004],[62594.64,0.24468],[62595.18,0.00817],[62595.19,0.00009],[62595.2,0.00008],[62595.26,0.01265],[62595.75,0.11226],[62595.9,0.004],[62595.99,1.84226],[62596.0,3.07126],[62596.01,3.2505],[62596.68,0.02395],[62596.69,0.03216],[62596.7,0.00008],[62596.8,0.00008],[62597.14,0.01248]],"ts":1783947434.47073}}}}
{"ts":1783947434.571143,"kind":{"Ev":{"BinanceBook":{"bids":[[62594.0,0.09191],[62593.99,0.00079],[62593.98,0.00016],[62593.94,0.00009],[62592.76,0.00009],[62592.1,0.00022],[62592.01,0.00018],[62592.0,0.02408],[62591.42,0.00008],[62590.25,0.00009],[62590.02,0.00008],[62590.01,0.00018],[62590.0,0.034],[62589.92,0.0025],[62589.91,0.00017],[62589.76,0.00008],[62589.68,0.00028],[62589.67,0.00531],[62589.62,0.00009],[62589.59,0.01]],"asks":[[62594.01,8.83513],[62594.02,0.00034],[62594.03,0.00016],[62594.12,0.03984],[62594.33,0.004],[62594.64,0.24468],[62595.18,0.00817],[62595.19,0.00009],[62595.2,0.00008],[62595.26,0.01265],[62595.75,0.11226],[62595.9,0.004],[62595.99,1.84226],[62596.0,3.07126],[62596.01,3.2505],[62596.68,0.02395],[62596.69,0.03216],[62596.7,0.00008],[62596.8,0.00008],[62597.14,0.01248]],"ts":1783947434.57106}}}}
{"ts":1783947434.667114,"kind":{"Ev":{"BinanceTrade":{"px":62594.01,"sz":0.00009,"is_buyer_maker":false,"ts":1783947434.71}}}}
{"ts":1783947434.670667,"kind":{"Ev":{"BinanceBook":{"bids":[[62594.0,0.09191],[62593.99,0.00079],[62593.98,0.00016],[62593.94,0.00009],[62592.76,0.00009],[62592.1,0.00022],[62592.01,0.00018],[62592.0,0.02408],[62591.42,0.00008],[62590.25,0.00009],[62590.02,0.00008],[62590.01,0.00018],[62590.0,0.034],[62589.92,0.0025],[62589.91,0.00017],[62589.76,0.00008],[62589.68,0.00028],[62589.67,0.00531],[62589.62,0.00009],[62589.59,0.01]],"asks":[[62594.01,8.83601],[62594.02,0.00034],[62594.03,0.00016],[62594.12,0.03984],[62594.33,0.004],[62594.64,0.24468],[62595.18,0.00817],[62595.19,0.00009],[62595.2,0.00008],[62595.26,0.01265],[62595.75,0.11226],[62595.9,0.004],[62595.99,1.84226],[62596.0,3.07135],[62596.01,3.2505],[62596.68,0.02395],[62596.69,0.03216],[62596.7,0.00008],[62596.8,0.00008],[62597.14,0.01248]],"ts":1783947434.670583}}}}
{"ts":1783947434.675293,"kind":{"Ev":{"Book":{"token":"81070311957363419031383618887132362635505135777473622130673169806759619170848","top":{"bid":0.75,"bid_sz":687.32,"ask":0.76,"ask_sz":25.0}}}}}
{"ts":1783947434.675293,"kind":{"Ev":{"Book":{"token":"42002722231283064949990025250377131906324856843888551358189787777901391200968","top":{"bid":0.23,"bid_sz":86.7,"ask":0.25,"ask_sz":687.32}}}}}
{"ts":1783947434.67646,"kind":{"Ev":{"Book":{"token":"81070311957363419031383618887132362635505135777473622130673169806759619170848","top":{"bid":0.75,"bid_sz":687.32,"ask":0.77,"ask_sz":86.7}}}}}
{"ts":1783947434.770664,"kind":{"Ev":{"BinanceBook":{"bids":[[62594.0,0.09191],[62593.99,0.00079],[62593.98,0.00016],[62593.94,0.00009],[62592.76,0.00009],[62592.1,0.00022],[62592.01,0.00018],[62592.0,0.02408],[62591.42,0.00008],[62590.25,0.00009],[62590.02,0.00008],[62590.01,0.00018],[62590.0,0.034],[62589.92,0.0025],[62589.91,0.00017],[62589.76,0.00008],[62589.68,0.00028],[62589.67,0.00531],[62589.62,0.00009],[62589.59,0.01]],"asks":[[62594.01,8.83601],[62594.02,0.00034],[62594.03,0.00016],[62594.12,0.03984],[62594.33,0.004],[62594.64,0.24468],[62595.18,0.00817],[62595.19,0.00009],[62595.2,0.00008],[62595.26,0.01265],[62595.75,0.11226],[62595.9,0.004],[62595.99,1.84226],[62596.0,3.07135],[62596.01,3.2505],[62596.68,0.02395],[62596.69,0.03216],[62596.7,0.00008],[62596.8,0.00008],[62597.14,0.01248]],"ts":1783947434.770613}}}}
{"ts":1783947434.789251,"kind":{"Ev":{"BinanceTrade":{"px":62594.0,"sz":0.00009,"is_buyer_maker":true,"ts":1783947434.831}}}}
{"ts":1783947434.872035,"kind":{"Ev":{"BinanceBook":{"bids":[[62594.0,0.09182],[62593.99,0.00079],[62593.98,0.00016],[62593.94,0.00009],[62592.76,0.00009],[62592.1,0.00022],[62592.01,0.00018],[62592.0,0.02408],[62591.42,0.00008],[62590.25,0.00009],[62590.02,0.00008],[62590.01,0.00018],[62590.0,0.034],[62589.92,0.0025],[62589.91,0.00017],[62589.76,0.00008],[62589.68,0.00028],[62589.67,0.00531],[62589.62,0.00009],[62589.59,0.01]],"asks":[[62594.01,8.83601],[62594.02,0.00034],[62594.03,0.00016],[62594.12,0.03984],[62594.33,0.004],[62594.64,0.24468],[62595.18,0.00817],[62595.19,0.00009],[62595.2,0.00008],[62595.26,0.01265],[62595.75,0.11226],[62595.9,0.004],[62595.99,1.84226],[62596.0,3.07135],[62596.01,3.2505],[62596.68,0.02395],[62596.69,0.03216],[62596.7,0.00008],[62596.8,0.00008],[62597.14,0.01248]],"ts":1783947434.87174}}}}
{"ts":1783947434.971334,"kind":{"Ev":{"BinanceBook":{"bids":[[62594.0,0.09182],[62593.99,0.00079],[62593.98,0.00016],[62593.94,0.00009],[62592.76,0.00009],[62592.1,0.00022],[62592.01,0.00018],[62592.0,0.02408],[62591.42,0.00008],[62590.25,0.00009],[62590.02,0.00008],[62590.01,0.00018],[62590.0,0.034],[62589.92,0.0025],[62589.91,0.00017],[62589.76,0.00008],[62589.68,0.00028],[62589.67,0.00531],[62589.62,0.00009],[62589.59,0.01]],"asks":[[62594.01,8.83601],[62594.02,0.00034],[62594.03,0.00016],[62594.12,0.03984],[62594.33,0.004],[62594.64,0.24468],[62595.18,0.00817],[62595.19,0.00009],[62595.2,0.00008],[62595.26,0.01265],[62595.75,0.11226],[62595.9,0.004],[62595.99,1.84226],[62596.0,3.07135],[62596.01,0.05541],[62596.68,0.02395],[62596.69,0.03216],[62596.7,0.00008],[62596.8,0.00008],[62597.14,0.01248]],"ts":1783947434.971041}}}}
{"ts":1783947435.070608,"kind":{"Ev":{"BinanceBook":{"bids":[[62594.0,0.09182],[62593.99,0.00079],[62593.98,0.00016],[62593.94,0.00009],[62592.76,0.00009],[62592.1,0.00022],[62592.01,0.00018],[62592.0,0.02408],[62591.42,0.00008],[62590.25,0.00009],[62590.02,0.00008],[62590.01,0.00018],[62590.0,0.034],[62589.92,0.0025],[62589.91,0.00017],[62589.76,0.00008],[62589.68,0.00028],[62589.67,0.00531],[62589.62,0.00009],[62589.59,0.01]],"asks":[[62594.01,8.83601],[62594.02,0.00034],[62594.03,0.00016],[62594.12,0.03984],[62594.33,0.004],[62594.64,0.24468],[62595.18,0.00817],[62595.19,0.00009],[62595.2,0.00008],[62595.26,0.01265],[62595.75,0.11234],[62595.9,0.004],[62595.99,0.77131],[62596.0,2.47168],[62596.01,0.05541],[62596.68,0.02395],[62596.69,0.03216],[62596.7,0.00008],[62596.8,0.00008],[62597.14,0.01248]],"ts":1783947435.070521}}}}
{"ts":1783947435.119567,"kind":{"Ev":{"PriceTick":{"px":62537.7603003313,"ts":1783947434.0}}}}
{"ts":1783947435.171176,"kind":{"Ev":{"BinanceBook":{"bids":[[62594.0,0.09182],[62593.99,0.00079],[62593.98,0.00016],[62593.94,0.00009],[62592.76,0.00009],[62592.1,0.00022],[62592.01,0.00018],[62592.0,0.02408],[62591.42,0.00008],[62590.25,0.00009],[62590.02,0.00008],[62590.01,0.00018],[62590.0,0.034],[62589.92,0.0025],[62589.91,0.00017],[62589.76,0.00008],[62589.68,0.00028],[62589.67,0.00531],[62589.62,0.00009],[62589.59,0.01]],"asks":[[62594.01,8.83601],[62594.02,0.00034],[62594.03,0.00016],[62594.12,0.03984],[62594.33,0.004],[62594.64,0.24468],[62595.18,0.00817],[62595.19,0.00009],[62595.2,0.00008],[62595.26,0.01265],[62595.75,0.11234],[62595.9,0.004],[62595.99,0.77131],[62596.0,2.47168],[62596.01,0.05541],[62596.68,0.02395],[62596.69,0.03216],[62596.7,0.00008],[62596.8,0.00008],[62597.14,0.01248]],"ts":1783947435.171081}}}}
{"ts":1783947435.270401,"kind":{"Ev":{"BinanceBook":{"bids":[[62594.0,0.09199],[62593.99,0.00079],[62593.98,0.00016],[62593.94,0.00009],[62592.76,0.00009],[62592.1,0.00022],[62592.01,0.00018],[62592.0,0.02408],[62591.42,0.00008],[62590.25,0.00009],[62590.02,0.00008],[62590.01,0.00018],[62590.0,0.034],[62589.92,0.0025],[62589.91,0.00017],[62589.76,0.00008],[62589.68,0.00028],[62589.67,0.00531],[62589.62,0.00009],[62589.59,0.01]],"asks":[[62594.01,8.83601],[62594.02,0.00034],[62594.03,0.00016],[62594.12,0.03984],[62594.33,0.004],[62594.64,0.24468],[62595.18,0.00817],[62595.19,0.00009],[62595.2,0.00008],[62595.26,0.01265],[62595.75,0.11234],[62595.9,0.004],[62595.99,0.77131],[62596.0,2.47177],[62596.01,0.05541],[62596.68,0.02395],[62596.69,0.03216],[62596.7,0.00008],[62596.8,0.00008],[62597.14,0.01248]],"ts":1783947435.270299}}}}
{"ts":1783947435.274106,"kind":{"Ev":{"BinanceTrade":{"px":62594.01,"sz":0.0002,"is_buyer_maker":false,"ts":1783947435.315}}}}
{"ts":1783947435.303075,"kind":{"Ev":{"BinanceTrade":{"px":62594.0,"sz":0.00014,"is_buyer_maker":true,"ts":1783947435.346}}}}
{"ts":1783947435.370895,"kind":{"Ev":{"BinanceBook":{"bids":[[62594.0,0.09185],[62593.99,0.00079],[62593.98,0.00016],[62593.94,0.00009],[62592.76,0.00009],[62592.1,0.00022],[62592.01,0.00018],[62592.0,0.02408],[62591.42,0.00008],[62590.25,0.00009],[62590.02,0.00008],[62590.01,0.00018],[62590.0,0.034],[62589.92,0.0025],[62589.91,0.00017],[62589.76,0.00008],[62589.68,0.00028],[62589.67,0.00531],[62589.62,0.00009],[62589.59,0.01]],"asks":[[62594.01,8.83581],[62594.02,0.00034],[62594.03,0.00016],[62594.12,0.03984],[62594.33,0.004],[62594.64,0.24468],[62595.18,0.00817],[62595.19,0.00009],[62595.2,0.00008],[62595.26,0.01265],[62595.75,0.11234],[62595.9,0.004],[62595.99,0.77131],[62596.0,2.47177],[62596.01,0.05541],[62596.68,0.02395],[62596.69,0.03216],[62596.7,0.00008],[62596.8,0.00008],[62597.14,0.01248]],"ts":1783947435.370803}}}}
{"ts":1783947435.444281,"kind":{"Ev":{"BinanceTrade":{"px":62594.0,"sz":0.00011,"is_buyer_maker":true,"ts":1783947435.487}}}}
{"ts":1783947435.454612,"kind":{"Ev":{"BinanceTrade":{"px":62594.0,"sz":0.02482,"is_buyer_maker":true,"ts":1783947435.497}}}}
{"ts":1783947435.454612,"kind":{"Ev":{"BinanceTrade":{"px":62593.99,"sz":0.00079,"is_buyer_maker":true,"ts":1783947435.497}}}}
{"ts":1783947435.454612,"kind":{"Ev":{"BinanceTrade":{"px":62593.98,"sz":0.00009,"is_buyer_maker":true,"ts":1783947435.497}}}}
{"ts":1783947435.455857,"kind":{"Ev":{"BinanceTrade":{"px":62593.98,"sz":0.00023,"is_buyer_maker":true,"ts":1783947435.498}}}}
{"ts":1783947435.466897,"kind":{"Ev":{"BinanceTrade":{"px":62593.94,"sz":0.00167,"is_buyer_maker":true,"ts":1783947435.51}}}}
{"ts":1783947435.466897,"kind":{"Ev":{"BinanceTrade":{"px":62593.93,"sz":0.00063,"is_buyer_maker":true,"ts":1783947435.51}}}}
{"ts":1783947435.466897,"kind":{"Ev":{"BinanceTrade":{"px":62592.02,"sz":0.00022,"is_buyer_maker":true,"ts":1783947435.51}}}}
{"ts":1783947435.466897,"kind":{"Ev":{"BinanceTrade":{"px":62592.01,"sz":0.00027,"is_buyer_maker":true,"ts":1783947435.51}}}}
{"ts":1783947435.469061,"kind":{"Ev":{"BinanceTrade":{"px":62592.01,"sz":0.00017,"is_buyer_maker":false,"ts":1783947435.511}}}}
{"ts":1783947435.470664,"kind":{"Ev":{"BinanceBook":{"bids":[[62592.0,0.03036],[62591.99,0.00063],[62591.98,0.00022],[62590.25,0.00009],[62590.02,0.00008],[62590.01,0.00018],[62590.0,0.034],[62589.92,0.0025],[62589.91,0.00017],[62589.76,0.00008],[62589.68,0.00028],[62589.67,0.00531],[62589.62,0.00009],[62589.59,0.01],[62589.58,0.01],[62589.2,0.00009],[62588.98,0.01],[62588.97,0.01],[62588.96,0.00018],[62588.93,0.01]],"asks":[[62592.01,7.16375],[62592.02,0.00034],[62592.03,0.00016],[62593.65,0.00008],[62593.94,6.08101],[62593.95,3.69241],[62593.99,0.02421],[62594.0,0.67518],[62594.01,1.10398],[62594.12,0.03984],[62594.33,0.004],[62594.64,0.24468],[62595.18,0.00018],[62595.19,0.00009],[62595.2,0.00008],[62595.26,0.01265],[62595.74,0.00799],[62595.75,0.00008],[62595.9,0.004],[62596.0,2.47136]],"ts":1783947435.470604}}}}
{"ts":1783947435.57072,"kind":{"Ev":{"BinanceBook":{"bids":[[62592.0,0.03205],[62591.99,0.00063],[62590.25,0.00009],[62590.02,0.00008],[62590.01,0.00018],[62590.0,0.034],[62589.92,0.0025],[62589.91,0.00017],[62589.76,0.00008],[62589.68,0.00028],[62589.67,0.00531],[62589.62,0.00009],[62589.59,0.01],[62589.58,0.01],[62589.2,0.00009],[62588.98,0.01],[62588.97,0.01],[62588.93,0.01],[62588.92,0.01],[62588.8,0.00008]],"asks":[[62592.01,8.49792],[62592.02,0.00034],[62592.03,0.00016],[62592.76,0.004],[62593.59,0.00016],[62593.65,0.00008],[62593.93,2.27338],[62593.94,0.07518],[62593.95,3.35232],[62593.99,0.02421],[62594.0,0.67518],[62594.01,0.54913],[62594.12,0.03984],[62594.33,0.004],[62594.64,0.24468],[62595.19,0.00009],[62595.2,0.00008],[62595.26,0.01265],[62595.74,0.00799],[62595.9,0.004]],"ts":1783947435.570651}}}}
{"ts":1783947435.670972,"kind":{"Ev":{"BinanceBook":{"bids":[[62592.0,0.03205],[62591.99,0.00063],[62590.25,0.00009],[62590.02,0.00008],[62590.01,0.00018],[62590.0,0.034],[62589.92,0.0025],[62589.91,0.00017],[62589.76,0.00008],[62589.68,0.00028],[62589.67,0.00531],[62589.62,0.00009],[62589.59,0.01],[62589.58,0.01],[62589.56,0.00009],[62589.2,0.00009],[62588.98,0.01],[62588.97,0.01],[62588.93,0.01],[62588.92,0.01]],"asks":[[62592.01,8.4981],[62592.02,0.00034],[62592.03,0.00016],[62592.76,0.004],[62593.59,0.00016],[62593.65,0.00008],[62593.93,2.27356],[62593.94,0.07518],[62593.95,3.35232],[62593.99,0.02421],[62594.0,0.67518],[62594.01,0.32413],[62594.12,0.03984],[62594.33,0.004],[62594.64,0.24468],[62595.19,0.00009],[62595.2,0.00008],[62595.26,0.01247],[62595.74,0.00799],[62595.9,0.004]],"ts":1783947435.670881}}}}
{"ts":1783947435.687568,"kind":{"Ev":{"BinanceTrade":{"px":62592.01,"sz":0.0001,"is_buyer_maker":false,"ts":1783947435.726}}}}
{"ts":1783947435.773934,"kind":{"Ev":{"BinanceBook":{"bids":[[62592.0,0.03213],[62591.99,0.00063],[62590.25,0.00009],[62590.05,0.0002],[62590.02,0.00008],[62590.01,0.00018],[62590.0,0.034],[62589.92,0.0025],[62589.91,0.00017],[62589.76,0.00008],[62589.68,0.00028],[62589.67,0.00531],[62589.62,0.00009],[62589.56,0.00009],[62589.2,0.00009],[62588.8,0.00008],[62588.4,0.00008],[62588.08,0.00556],[62588.01,0.00018],[62588.0,0.024]],"asks":[[62592.01,8.498],[62592.02,0.00034],[62592.03,0.00016],[62592.76,0.004],[62593.59,0.00016],[62593.65,0.00008],[62593.93,2.27356],[62593.94,0.07518],[62593.95,3.35232],[62593.99,0.02421],[62594.0,0.67518],[62594.01,0.32413],[62594.12,0.03984],[62594.33,0.004],[62594.64,0.24468],[62595.19,0.00009],[62595.2,0.00008],[62595.26,0.01247],[62595.74,0.00799],[62595.9,0.004]],"ts":1783947435.773889}}}}
{"ts":1783947435.870728,"kind":{"Ev":{"BinanceBook":{"bids":[[62592.0,0.03213],[62591.99,0.00063],[62590.25,0.00009],[62590.05,0.0002],[62590.02,0.00008],[62590.01,0.00018],[62590.0,0.034],[62589.92,0.0025],[62589.91,0.00017],[62589.76,0.00008],[62589.68,0.00028],[62589.67,0.00531],[62589.62,0.00009],[62589.56,0.00009],[62589.2,0.00009],[62588.8,0.00008],[62588.4,0.00008],[62588.08,0.00556],[62588.01,0.00018],[62588.0,0.024]],"asks":[[62592.01,8.498],[62592.02,0.00034],[62592.03,0.00016],[62592.76,0.004],[62593.59,0.00016],[62593.65,0.00008],[62593.93,2.27356],[62593.94,0.07518],[62593.95,3.35232],[62593.99,0.02421],[62594.0,0.67518],[62594.01,0.32413],[62594.12,0.03984],[62594.33,0.004],[62594.64,0.24468],[62595.19,0.00009],[62595.2,0.00008],[62595.26,0.01247],[62595.74,0.00799],[62595.9,0.004]],"ts":1783947435.87064}}}}
{"ts":1783947435.902738,"kind":{"Ev":{"BinanceTrade":{"px":62592.01,"sz":0.00159,"is_buyer_maker":false,"ts":1783947435.944}}}}
